1994 3211
119 214 192 250 918
820 220 1128 247 UMBELLIFERAE.
1628 212 1823 249 Secundi-10.

129 319 251 362 SEcT.
281 316 351 359 ΙΙΙ.
381 315 645 359 CYCLOTAXIS
679 315 946 371 (Cyclotaoez‘s
976 316 1115 359 Boiss.
1141 316 1292 370 Diagn.
1318 317 1411 360 Ser.
1437 317 1469 370 Ι,
1494 318 1561 370 10,
1583 330 1627 371 p.
1658 317 1733 373 48)
1764 342 1818 349 —-

422 376 633 418 Rostrum
645 373 836 426 fructas
863 374 1399 428 cylindrico-subulatum.

182 493 220 533 9.
248 490 301 533 S.
332 486 577 543 turgida
602 487 759 543 (Boiss.
788 487 832 529 in
858 488 947 530 Bal.
971 488 1027 542 pl.
1057 486 1172 530 Cilic.
1197 500 1286 530 exs.
1313 487 1691 542 1855)11ispidula‚
1711 489 1827 532 foliis

123 550 285 594 ambitu
315 548 509 599 oblongis
534 547 574 588 in
605 547 780 589 lacinias
817 549 998 599 anguste
1034 547 1221 588 lineares
1258 546 1536 599 divergentes
1563 546 1721 589 breves
1749 548 1828 590 tri-

124 607 437 664 pinnatisectis‚
463 606 661 648 umbellae
687 606 819 647 radiis
844 607 917 647 2-3
939 605 1146 648 brevibus
1172 608 1270 659 post
1294 605 1491 647 anthesin
1515 606 1641 647 valde
1662 605 1827 649 incras-

124 668 244 717 satis,
272 665 518 709 involucelli
554 665 712 718 phyllis
745 663 983 706 linearibus
1025 664 1208 706 deflexis
1248 663 1410 715 bifidis,
1454 664 1607 717 petalis
1641 666 1829 708 exterio-

122 727 247 770 ribus
265 725 390 767 valde
408 723 674 766 radianlibus
691 724 889 765 maximis
906 722 1404 775 cuncato-unguiculatis
1422 722 1591 766 bilobis.
1614 724 1829 767 fructibus

125 785 326 829 stellatim
351 782 599 838 patentibus
632 786 792 836 praeter
822 783 1057 824 centralem
1084 782 1281 824 sessilem
1309 782 1462 823 laevem
1485 782 1706 835 pedicellis
1732 784 1833 825 bre-

124 844 319 887 vissimis
342 842 501 885 crassis
527 841 718 883 suffultis
748 842 960 883 scabridis
988 842 1196 883 brevibus
1224 841 1384 882 crassis
1412 854 1435 882 a
1457 841 1592 883 latere
1611 853 1831 896 compres-

127 905 187 947 sis
210 905 255 945 in
274 905 466 944 rostrum
489 900 999 954 cylindrico-subulatum
1033 900 1198 942 semine
1242 900 1314 941 vix
1346 900 1516 952 longius
1555 900 1831 953 abeuntibus,

126 963 252 1017 stylis
280 960 522 1014 stylopodio
549 960 769 1002 multoties
794 959 1063 1013 longioribus
1085 960 1132 1007 G>
1160 957 1407 1012 Cyelotarz's
1428 958 1609 1011 turgida
1630 959 1768 1002 Boiss.
1789 963 1833 1002 et

127 1021 216 1063 Bal.
245 1021 396 1073 Diagn.
425 1019 514 1061 Ser.
542 1018 596 1071 ΙΙ,
622 1021 661 1071 5,
684 1031 725 1072 p.
757 1020 851 1060 101.

172 1096 274 1131 Hab.
296 1095 337 1130 in
357 1094 540 1130 calcareis
558 1093 609 1129 ad
626 1091 839 1128 Bouloukli
856 1102 978 1139 prope
996 1091 1168 1127 Mersina
1187 1091 1227 1126 in
1247 1090 1386 1127 Cilicia
1403 1091 1567 1126 littorali
1588 1091 1723 1136 (Bali).

174 1158 445 1206 Semipedalis,
464 1156 650 1192 umbellae
670 1156 894 1192 terminales
914 1156 1071 1200 fertiles,
1095 1155 1279 1191 laterales
1299 1155 1444 1201 saepius
1467 1155 1664 1199 masculze,
1684 1155 1834 1191 fructus

128 1219 216 1244 cum
235 1209 360 1242 rostro
379 1216 448 1240 sex
466 1205 591 1240 lineas
610 1204 767 1249 longus;
793 1215 883 1249 pars
902 1204 1126 1239 seminifera
1153 1203 1463 1249 praecedentibus
1484 1203 1598 1237 latior
1616 1203 1710 1237 facie
1738 1202 1833 1237 late-

128 1255 202 1290 rali
219 1255 238 1289 1
261 1255 302 1299 ¹s⁴
323 1254 390 1288 lin.
410 1253 500 1297 lata⁷
520 1254 645 1287 rostra
662 1251 712 1286 ad
729 1251 1028 1286 commissuram
1046 1252 1199 1286 tantum
1225 1250 1374 1285 scabra.
1404 1250 1546 1285 Fructu
1566 1249 1725 1285 centrali
1749 1259 1834 1285 um·

129 1301 369 1338 bellularum
388 1311 412 1335 a
429 1299 659 1334 lateralibus
689 1298 848 1344 quidem
875 1299 1000 1333 form-[t
1018 1308 1093 1333 non
1121 1298 1305 1333 dissimili
1329 1297 1397 1332 sed
1423 1297 1553 1332 sessili
1575 1297 1667 1332 lfevi
1696 1307 1765 1332 nec
1789 1299 1834 1332 ut

130 1349 310 1385 laterales
329 1347 560 1395 pedicellato
579 1349 616 1381 et
633 1346 812 1381 scabrido
831 1347 1042 1382 transitum
1065 1346 1115 1380 ad
1133 1344 1174 1381 S.
1204 1344 1454 1380 Palescz'nam
1470 1344 1628 1391 przebet.

197 1498 263 1538 10.
299 1495 349 1539 S.
386 1494 704 1546 Palestina,
748 1495 942 1537 breviter
981 1494 1231 1536 tomentella
1270 1494 1338 1535 vel
1378 1492 1682 1546 gfflbriuscula,
1724 1492 1837 1535 foliis

132 1556 296 1598 ambitu
323 1555 518 1607 oblongis
541 1555 585 1596 in
608 1555 816 1597 lacinulas
852 1556 1034 1606 anguste
1073 1554 1257 1595 lincares
1286 1552 1562 1605 divergentes
1587 1551 1837 1605 tripinnati·

133 1615 276 1665 sectis,
305 1615 505 1656 umbellae
531 1614 665 1656 radiis
698 1615 799 1656 6-12
835 1614 1008 1655 tandem
1043 1612 1204 1666 saepius
1246 1611 1684 1653 clavato-incrassatis
1710 1623 1840 1664 spon-

131 1674 277 1727 giosis,
306 1674 550 1715 involucelli
579 1673 737 1726 phyllis
768 1672 1005 1714 linearibus
1048 1671 1250 1713 ciliatulis
1286 1670 1446 1722 bifidis,
1474 1671 1629 1723 petalis
1658 1669 1837 1712 minutis

133 1733 458 1786 subaeuualibus
484 1732 691 1784 oblongis,
717 1732 964 1774 umbellulae
990 1732 1134 1773 fructu
1158 1730 1341 1771 centrali
1370 1729 1514 1771 sessili
1550 1728 1838 1771 indehiscenti

132 1792 625 1845 spongioso-incrassato
648 1791 941 1833 ovato-conico
965 1790 1008 1832 in
1032 1792 1225 1832 rostrum
1248 1788 1540 1842 aequilongum
1557 1787 1840 1831 tereti-subu-

131 1851 266 1892 latum
290 1854 510 1893 attenuato
533 1850 627 1892 laevi
651 1850 798 1904 glabro
822 1850 890 1891 vel
918 1850 1064 1903 patule
1087 1848 1272 1901 hispido,
1301 1848 1516 1890 fructibus
1541 1846 1841 1902 periphaericis

131 1909 352 1963 pedicellis
379 1909 586 1952 brevibus
612 1910 772 1963 crassis
800 1909 993 1951 suffultis
1032 1921 1055 1950 a
1094 1908 1228 1949 latere
1266 1907 1528 1960 compressis
1561 1905 1772 1949 scabridis
1794 1905 1840 1947 in

131 1972 323 2011 rostrum
345 1969 746 2011 tereti-subulatum
768 1968 934 2010 semiue
961 1967 1180 2020 subduplo
1206 1966 1377 2019 longius
1407 1965 1683 2016 abeuntibus,
1713 1964 1839 2018 stylis

135 2028 378 2082 stylopodio
412 2028 544 2082 duplo
568 2027 837 2081 longioribus
865 2028 925 2074 O.

183 2102 281 2137 Hab.
302 2103 340 2137 in
357 2103 571 2148 pinguibus
587 2102 728 2146 hyeme
744 2102 945 2137 inundatis
961 2101 1141 2144 Galileae‚
1166 2100 1350 2147 planities
1370 2099 1585 2134 Esdraelon
1604 2100 1704 2135 inter
1721 2099 1843 2145 DJen-

132 2149 201 2183 nin
221 2152 257 2184 et
275 2150 398 2194 Kaisa,
418 2150 599 2196 planities
619 2150 745 2184 Hittin
765 2150 864 2184 inter
882 2149 1075 2184 Nazareth
1094 2150 1131 2184 et
1149 2147 1398 2183 Tiberiadem
1417 2146 1550 2191 (Boiss
1564 2148 1600 2192 Β).

181 2212 452 2259 Semipedalis,
482 2213 582 2248 radii
610 2213 699 2248 9-10
725 2213 850 2248 lineas
881 2213 1001 2258 longi,
1030 2212 1174 2247 fructus
1194 2210 1425 2257 peripheriae
1444 2220 1532 2244 cum
1547 2211 1672 2245 rostro
1689 2209 1752 2243 6-7
1772 2208 1840 2244 lin-

134 2259 242 2305 longi
264 2261 349 2295 basi
369 2261 484 2296 diam.
504 2261 648 2296 lineam
667 2260 872 2295 dimidiam
890 2260 967 2297 lati.
986 2259 1169 2295 centralis
1194 2258 1444 2304 acquilongus
1461 2257 1529 2292 sed
1549 2267 1629 2291 non
1647 2266 1842 2302 compres-

134 2318 202 2343 sus
233 2308 357 2343 multo
391 2308 558 2343 crassior
585 2308 737 2343 inferne
772 2308 889 2342 diam.
923 2308 999 2342 fere
1029 2307 1051 2342 2
1081 2306 1205 2340 lineas
1234 2305 1350 2340 latus.
1370 2304 1505 2339 Genus
1527 2303 1750 2350 Cyelotaoez's
1768 2303 1841 2339 hac

135 2356 262 2401 specie
280 2356 396 2390 unica
413 2356 521 2401 prius
540 2357 633 2390 nota
650 2366 673 2390 a
690 2354 882 2391 Scandz'ec
899 2354 1017 2390 valde
1036 2354 1265 2389 distinctum
1283 2351 1504 2389 videbatur,
1525 2352 1593 2386 sed
1614 2350 1652 2387 S.
1679 2350 1842 2397 turffl'da

137 2402 301 2437 ulterius
321 2403 469 2438 detecta
488 2403 674 2438 transitus
693 2402 871 2448 praebuit.

493 2583 570 2625 Ta.
599 2583 649 2624 V.
685 2581 974 2625 SMYRNEAE
997 2581 1137 2636 (Koch
1163 2580 1349 2623 Umbell.
1383 2579 1497 2633 133).

196 2695 407 2736 Umbellae
427 2694 686 2747 compositae.
711 2693 899 2735 Fructus
925 2693 1009 2734 late
1032 2694 1188 2734 ovatus
1213 2691 1283 2733 vel
1306 2691 1510 2744 didymus
1534 2703 1556 2732 a
1579 2690 1712 2732 latere
1730 2700 1842 2730 com—

142 2767 340 2808 pressus,
368 2754 513 2795 rarius
537 2751 763 2807 (Pranyos
797 2764 875 2805 sp„
906 2750 1184 2805 Colladon'ia)
1207 2754 1323 2792 teres
1346 2750 1413 2791 vel
1441 2762 1463 2790 a
1489 2749 1617 2790 dorso
1645 2747 1843 2789 subcom-

136 2826 332 2867 pressus.
376 2813 486 2865 Juga
521 2811 776 2854 secundaria
814 2810 998 2865 (except.
1029 2808 1295 2863 Col’z'andro)
1335 2809 1464 2850 nulla.
1494 2808 1708 2850 Albumcn
1735 2807 1841 2848 facie

138 2871 338 2914 interiori
362 2871 573 2925 profunde
599 2871 813 2912 sulcatum
832 2873 874 2911 et
888 2868 1159 2922 marginibus
1180 2868 1439 2918 involutum,
1460 2867 1601 2909 rarius
1630 2864 1842 2919 (Troesm-

140 2930 290 2986 dama)
316 2943 562 2972 concavum.
589 2954 645 2959 —
674 2929 833 2971 Tribus
857 2929 909 2970 ab
936 2926 1178 2969 Ammincis
1201 2927 1416 2968 mediante
1437 2926 1670 2977 Astomate,
1695 2924 1748 2966 ad
1771 2923 1842 2966 Se-

141 2989 329 3031 sclineas
354 2989 570 3031 mediante
596 2986 847 3031 Colladonici
870 2987 1102 3029 transitum
1126 2986 1340 3039 praebens.
