<?xml version="1.0" encoding="UTF-8"?>
<!DOCTYPE html PUBLIC "-//W3C//DTD XHTML 1.0 Transitional//EN"
    "http://www.w3.org/TR/xhtml1/DTD/xhtml1-transitional.dtd">
<html xmlns="http://www.w3.org/1999/xhtml" xml:lang="en" lang="en">
 <head>
  <title>
</title>
<meta http-equiv="Content-Type" content="text/html;charset=utf-8" />
  <meta name='ocr-system' content='tesseract 3.04.00' />
  <meta name='ocr-capabilities' content='ocr_page ocr_carea ocr_par ocr_line ocrx_word'/>
</head>
<body>
  <div class='ocr_page' id='page_1' title='image "./floraorientaliss02bois_0961.png"; bbox 0 0 2015 3227; ppageno 0'>
   <div class='ocr_carea' id='block_1_1' title="bbox 131 168 1833 206">
    <p class='ocr_par' dir='ltr' id='par_1_1' title="bbox 131 168 1833 206">
     <span class='ocr_line' id='line_1_1' title="bbox 131 168 1833 206; baseline -0.005 1"><span class='ocrx_word' id='word_1_1' title='bbox 131 168 464 206; x_wconf 69' lang='lat' dir='ltr'>Amsosciadz&#39;um.</span> <span class='ocrx_word' id='word_1_2' title='bbox 824 176 1133 203; x_wconf 75' lang='lat' dir='ltr'><strong>UMBELLIFERAE.</strong></span> <span class='ocrx_word' id='word_1_3' title='bbox 1767 168 1833 203; x_wconf 80' lang='lat'>951</span> 
     </span>
    </p>
   </div>
   <div class='ocr_carea' id='block_1_2' title="bbox 133 264 1836 405">
    <p class='ocr_par' dir='ltr' id='par_1_2' title="bbox 133 264 1836 405">
     <span class='ocr_line' id='line_1_2' title="bbox 180 264 1836 312; baseline -0.001 -10"><span class='ocrx_word' id='word_1_4' title='bbox 180 267 279 302; x_wconf 80' lang='lat' dir='ltr'>Hah.</span> <span class='ocrx_word' id='word_1_5' title='bbox 299 267 338 301; x_wconf 90' lang='lat' dir='ltr'>in</span> <span class='ocrx_word' id='word_1_6' title='bbox 357 267 521 302; x_wconf 83' lang='lat' dir='ltr'>desertis</span> <span class='ocrx_word' id='word_1_7' title='bbox 539 266 737 312; x_wconf 78' lang='lat' dir='ltr'><strong>argillosis</strong></span> <span class='ocrx_word' id='word_1_8' title='bbox 768 266 940 310; x_wconf 80' lang='lat' dir='ltr'>Assyriae</span> <span class='ocrx_word' id='word_1_9' title='bbox 967 265 1019 300; x_wconf 84' lang='lat' dir='ltr'>ad</span> <span class='ocrx_word' id='word_1_10' title='bbox 1044 265 1210 300; x_wconf 88' lang='lat' dir='ltr'>fluvium</span> <span class='ocrx_word' id='word_1_11' title='bbox 1244 264 1506 310; x_wconf 83' lang='lat' dir='ltr'>Mygdonium</span> <span class='ocrx_word' id='word_1_12' title='bbox 1540 265 1766 311; x_wconf 59' lang='lat' dir='ltr'>(Hausslu),</span> <span class='ocrx_word' id='word_1_13' title='bbox 1786 267 1836 301; x_wconf 82' lang='lat' dir='ltr'>ad</span> 
     </span>
     <span class='ocr_line' id='line_1_3' title="bbox 133 312 1836 360; baseline -0.001 -11"><span class='ocrx_word' id='word_1_14' title='bbox 133 313 285 349; x_wconf 80' lang='lat' dir='ltr'>Mossul</span> <span class='ocrx_word' id='word_1_15' title='bbox 303 314 440 358; x_wconf 88' lang='lat' dir='ltr'>(Auch.</span> <span class='ocrx_word' id='word_1_16' title='bbox 459 314 600 358; x_wconf 70' lang='lat'>35982),</span> <span class='ocrx_word' id='word_1_17' title='bbox 624 315 722 349; x_wconf 90' lang='lat' dir='ltr'>inter</span> <span class='ocrx_word' id='word_1_18' title='bbox 742 313 892 348; x_wconf 70' lang='lat' dir='ltr'>Mossul</span> <span class='ocrx_word' id='word_1_19' title='bbox 913 316 950 348; x_wconf 94' lang='lat' dir='ltr'>et</span> <span class='ocrx_word' id='word_1_20' title='bbox 967 312 1130 357; x_wconf 80' lang='lat' dir='ltr'>Bagdad</span> <span class='ocrx_word' id='word_1_21' title='bbox 1147 312 1305 357; x_wconf 72' lang='lat' dir='ltr'>(olivi),</span> <span class='ocrx_word' id='word_1_22' title='bbox 1325 313 1365 347; x_wconf 87' lang='lat' dir='ltr'>in</span> <span class='ocrx_word' id='word_1_23' title='bbox 1384 313 1516 348; x_wconf 75' lang='lat' dir='ltr'>Persia</span> <span class='ocrx_word' id='word_1_24' title='bbox 1537 314 1700 348; x_wconf 72' lang='lat' dir='ltr'>australi</span> <span class='ocrx_word' id='word_1_25' title='bbox 1716 323 1836 360; x_wconf 80' lang='lat' dir='ltr'>prope</span> 
     </span>
     <span class='ocr_line' id='line_1_4' title="bbox 135 359 1519 405; baseline -0.001 -9"><span class='ocrx_word' id='word_1_26' title='bbox 135 361 302 396; x_wconf 84' lang='lat' dir='ltr'>Dalechi</span> <span class='ocrx_word' id='word_1_27' title='bbox 320 364 356 396; x_wconf 92' lang='lat' dir='ltr'>et</span> <span class='ocrx_word' id='word_1_28' title='bbox 374 361 575 396; x_wconf 81' lang='lat' dir='ltr'>Abouchir</span> <span class='ocrx_word' id='word_1_29' title='bbox 594 360 732 403; x_wconf 82' lang='lat' dir='ltr'>(Auch.</span> <span class='ocrx_word' id='word_1_30' title='bbox 751 360 871 404; x_wconf 67' lang='grc'>45561,</span> <span class='ocrx_word' id='word_1_31' title='bbox 890 359 962 405; x_wconf 88' lang='lat' dir='ltr'>Ky.</span> <span class='ocrx_word' id='word_1_32' title='bbox 982 359 1050 394; x_wconf 80' lang='grc'>104</span> <span class='ocrx_word' id='word_1_33' title='bbox 1063 361 1081 404; x_wconf 75' lang='lat' dir='ltr'>l,</span> <span class='ocrx_word' id='word_1_34' title='bbox 1103 359 1262 394; x_wconf 83' lang='lat' dir='ltr'>Haussk</span> <span class='ocrx_word' id='word_1_35' title='bbox 1275 361 1312 403; x_wconf 72' lang='lat' dir='ltr'>l).</span> <span class='ocrx_word' id='word_1_36' title='bbox 1330 359 1387 394; x_wconf 90' lang='lat' dir='ltr'>Fl.</span> <span class='ocrx_word' id='word_1_37' title='bbox 1407 359 1519 394; x_wconf 85' lang='lat' dir='ltr'>Mart.</span> 
     </span>
    </p>
   </div>
   <div class='ocr_carea' id='block_1_3' title="bbox 133 425 1835 556">
    <p class='ocr_par' dir='ltr' id='par_1_3' title="bbox 133 425 1835 556">
     <span class='ocr_line' id='line_1_5' title="bbox 183 425 1835 473; baseline 0 -11"><span class='ocrx_word' id='word_1_38' title='bbox 183 426 325 462; x_wconf 81' lang='lat' dir='ltr'>Caules</span> <span class='ocrx_word' id='word_1_39' title='bbox 359 426 661 473; x_wconf 80' lang='lat' dir='ltr'>4-6-pollicares,</span> <span class='ocrx_word' id='word_1_40' title='bbox 693 426 788 462; x_wconf 81' lang='lat' dir='ltr'>folia</span> <span class='ocrx_word' id='word_1_41' title='bbox 820 426 953 462; x_wconf 73' lang='lat' dir='ltr'>Dauci</span> <span class='ocrx_word' id='word_1_42' title='bbox 983 425 1156 471; x_wconf 74' lang='lat' dir='ltr'>Carotae,</span> <span class='ocrx_word' id='word_1_43' title='bbox 1187 425 1375 461; x_wconf 85' lang='lat' dir='ltr'>umbellae</span> <span class='ocrx_word' id='word_1_44' title='bbox 1412 426 1589 461; x_wconf 74' lang='lat' dir='ltr'>floriferae</span> <span class='ocrx_word' id='word_1_45' title='bbox 1624 429 1835 473; x_wconf 66' lang='lat' dir='ltr'>compactae</span> 
     </span>
     <span class='ocr_line' id='line_1_6' title="bbox 133 472 1833 556; baseline 0.001 -48"><span class='ocrx_word' id='word_1_46' title='bbox 133 473 257 556; x_wconf 52' lang='lat' dir='ltr'>‹ciiiglrpae</span> <span class='ocrx_word' id='word_1_47' title='bbox 285 473 348 509; x_wconf 87' lang='grc'>7-9</span> <span class='ocrx_word' id='word_1_48' title='bbox 381 473 504 508; x_wconf 87' lang='lat' dir='ltr'>lineas</span> <span class='ocrx_word' id='word_1_49' title='bbox 538 474 649 518; x_wconf 84' lang='lat' dir='ltr'>latae,</span> <span class='ocrx_word' id='word_1_50' title='bbox 688 473 917 508; x_wconf 86' lang='lat' dir='ltr'>umbellulae</span> <span class='ocrx_word' id='word_1_51' title='bbox 948 473 1154 508; x_wconf 81' lang='lat' dir='ltr'>fructiferae</span> <span class='ocrx_word' id='word_1_52' title='bbox 1189 483 1278 508; x_wconf 83' lang='lat' dir='ltr'>cum</span> <span class='ocrx_word' id='word_1_53' title='bbox 1310 472 1500 519; x_wconf 82' lang='lat' dir='ltr'>pedicello</span> <span class='ocrx_word' id='word_1_54' title='bbox 1533 474 1738 509; x_wconf 75' lang='lat' dir='ltr'>articulato</span> <span class='ocrx_word' id='word_1_55' title='bbox 1769 475 1833 510; x_wconf 82' lang='lat' dir='ltr'>de-</span> 
     </span>
    </p>
   </div>
   <div class='ocr_carea' id='block_1_4' title="bbox 327 683 1622 748">
    <p class='ocr_par' dir='ltr' id='par_1_4' title="bbox 327 683 1622 748">
     <span class='ocr_line' id='line_1_7' title="bbox 327 683 1622 748; baseline 0 -18"><span class='ocrx_word' id='word_1_56' title='bbox 327 683 708 732; x_wconf 68' lang='lat' dir='ltr'>mci’ctsspssom</span> <span class='ocrx_word' id='word_1_57' title='bbox 735 684 886 745; x_wconf 84' lang='lat' dir='ltr'>(Boiss.</span> <span class='ocrx_word' id='word_1_58' title='bbox 914 685 1017 732; x_wconf 68' lang='lat' dir='ltr'>Ann-</span> <span class='ocrx_word' id='word_1_59' title='bbox 1050 684 1114 731; x_wconf 83' lang='lat' dir='ltr'>Sc.</span> <span class='ocrx_word' id='word_1_60' title='bbox 1152 685 1244 733; x_wconf 76' lang='lat' dir='ltr'>Nat.</span> <span class='ocrx_word' id='word_1_61' title='bbox 1281 685 1412 742; x_wconf 72' lang='lat'><strong>1844,</strong></span> <span class='ocrx_word' id='word_1_62' title='bbox 1452 701 1493 748; x_wconf 79' lang='lat' dir='ltr'>p.</span> <span class='ocrx_word' id='word_1_63' title='bbox 1531 686 1622 747; x_wconf 78' lang='lat'>89).</span> 
     </span>
    </p>
   </div>
   <div class='ocr_carea' id='block_1_5' title="bbox 132 798 1842 1668">
    <p class='ocr_par' dir='ltr' id='par_1_5' title="bbox 132 798 1842 1668">
     <span class='ocr_line' id='line_1_8' title="bbox 197 798 1841 855; baseline 0.002 -12"><span class='ocrx_word' id='word_1_64' title='bbox 197 802 347 844; x_wconf 86' lang='lat' dir='ltr'>Flores</span> <span class='ocrx_word' id='word_1_65' title='bbox 374 800 600 854; x_wconf 78' lang='lat' dir='ltr'>polygami,</span> <span class='ocrx_word' id='word_1_66' title='bbox 623 798 828 842; x_wconf 78' lang='lat' dir='ltr'>centralis</span> <span class='ocrx_word' id='word_1_67' title='bbox 853 800 1099 842; x_wconf 80' lang='lat' dir='ltr'>umbellulae</span> <span class='ocrx_word' id='word_1_68' title='bbox 1126 801 1294 843; x_wconf 77' lang='lat' dir='ltr'>sessilis</span> <span class='ocrx_word' id='word_1_69' title='bbox 1315 803 1358 842; x_wconf 88' lang='lat' dir='ltr'>et</span> <span class='ocrx_word' id='word_1_70' title='bbox 1386 802 1539 844; x_wconf 85' lang='lat' dir='ltr'>fertilis</span> <span class='ocrx_word' id='word_1_71' title='bbox 1556 837 1565 855; x_wconf 86' lang='lat'>‚</span> <span class='ocrx_word' id='word_1_72' title='bbox 1598 804 1841 847; x_wconf 79' lang='lat' dir='ltr'>exteriores</span> 
     </span>
     <span class='ocr_line' id='line_1_9' title="bbox 136 859 1842 915; baseline 0.001 -12"><span class='ocrx_word' id='word_1_73' title='bbox 136 860 379 915; x_wconf 87' lang='lat' dir='ltr'>pedicellati</span> <span class='ocrx_word' id='word_1_74' title='bbox 408 859 616 911; x_wconf 85' lang='lat' dir='ltr'>biseriati‚</span> <span class='ocrx_word' id='word_1_75' title='bbox 642 859 771 901; x_wconf 87' lang='lat' dir='ltr'>seriei</span> <span class='ocrx_word' id='word_1_76' title='bbox 794 859 978 902; x_wconf 78' lang='lat' dir='ltr'>interme</span> <span class='ocrx_word' id='word_1_77' title='bbox 1000 862 1154 900; x_wconf 87' lang='lat' dir='ltr'>tenues</span> <span class='ocrx_word' id='word_1_78' title='bbox 1173 859 1368 909; x_wconf 83' lang='lat' dir='ltr'>masculi,</span> <span class='ocrx_word' id='word_1_79' title='bbox 1393 860 1524 902; x_wconf 87' lang='lat' dir='ltr'>seriei</span> <span class='ocrx_word' id='word_1_80' title='bbox 1543 865 1736 904; x_wconf 65' lang='lat' dir='ltr'>externae</span> <span class='ocrx_word' id='word_1_81' title='bbox 1755 867 1842 905; x_wconf 87' lang='lat' dir='ltr'>ste-</span> 
     </span>
     <span class='ocr_line' id='line_1_10' title="bbox 134 917 1839 973; baseline 0.001 -11"><span class='ocrx_word' id='word_1_82' title='bbox 134 921 252 962; x_wconf 86' lang='lat' dir='ltr'>riles.</span> <span class='ocrx_word' id='word_1_83' title='bbox 282 917 448 972; x_wconf 86' lang='lat' dir='ltr'>Calycis</span> <span class='ocrx_word' id='word_1_84' title='bbox 473 918 625 960; x_wconf 86' lang='lat' dir='ltr'>dentes</span> <span class='ocrx_word' id='word_1_85' title='bbox 650 919 694 959; x_wconf 89' lang='lat' dir='ltr'>in</span> <span class='ocrx_word' id='word_1_86' title='bbox 717 917 824 960; x_wconf 88' lang='lat' dir='ltr'>flore</span> <span class='ocrx_word' id='word_1_87' title='bbox 848 918 978 960; x_wconf 83' lang='lat' dir='ltr'>fertili</span> <span class='ocrx_word' id='word_1_88' title='bbox 996 921 1039 959; x_wconf 87' lang='lat' dir='ltr'>et</span> <span class='ocrx_word' id='word_1_89' title='bbox 1058 918 1261 960; x_wconf 87' lang='lat' dir='ltr'>masculis</span> <span class='ocrx_word' id='word_1_90' title='bbox 1285 918 1417 961; x_wconf 86' lang='lat' dir='ltr'>seriei</span> <span class='ocrx_word' id='word_1_91' title='bbox 1439 920 1624 962; x_wconf 72' lang='lat' dir='ltr'>internae</span> <span class='ocrx_word' id='word_1_92' title='bbox 1645 922 1765 973; x_wconf 80' lang='lat' dir='ltr'>nulli,</span> <span class='ocrx_word' id='word_1_93' title='bbox 1794 922 1839 964; x_wconf 89' lang='lat' dir='ltr'>in</span> 
     </span>
     <span class='ocr_line' id='line_1_11' title="bbox 134 975 1842 1022; baseline 0.001 -2"><span class='ocrx_word' id='word_1_94' title='bbox 134 977 359 1021; x_wconf 89' lang='lat' dir='ltr'>sterilibus</span> <span class='ocrx_word' id='word_1_95' title='bbox 385 975 513 1019; x_wconf 85' lang='lat' dir='ltr'>seriei</span> <span class='ocrx_word' id='word_1_96' title='bbox 538 980 730 1019; x_wconf 74' lang='lat' dir='ltr'>externae</span> <span class='ocrx_word' id='word_1_97' title='bbox 755 977 844 1019; x_wconf 87' lang='lat' dir='ltr'>bini</span> <span class='ocrx_word' id='word_1_98' title='bbox 868 976 1060 1019; x_wconf 87' lang='lat' dir='ltr'>subulati</span> <span class='ocrx_word' id='word_1_99' title='bbox 1080 977 1148 1017; x_wconf 92' lang='lat' dir='ltr'>vel</span> <span class='ocrx_word' id='word_1_100' title='bbox 1175 977 1297 1019; x_wconf 87' lang='lat' dir='ltr'>nulli.</span> <span class='ocrx_word' id='word_1_101' title='bbox 1328 977 1473 1020; x_wconf 83' lang='lat' dir='ltr'>Petala</span> <span class='ocrx_word' id='word_1_102' title='bbox 1499 979 1680 1022; x_wconf 87' lang='lat' dir='ltr'>ohovata</span> <span class='ocrx_word' id='word_1_103' title='bbox 1698 992 1842 1022; x_wconf 87' lang='lat' dir='ltr'>cruar-</span> 
     </span>
     <span class='ocr_line' id='line_1_12' title="bbox 133 1035 1840 1090; baseline 0.001 -11"><span class='ocrx_word' id='word_1_104' title='bbox 133 1038 277 1090; x_wconf 86' lang='lat' dir='ltr'>ginata</span> <span class='ocrx_word' id='word_1_105' title='bbox 306 1048 401 1079; x_wconf 90' lang='lat' dir='ltr'>cum</span> <span class='ocrx_word' id='word_1_106' title='bbox 430 1036 614 1078; x_wconf 84' lang='lat' dir='ltr'>lacinula</span> <span class='ocrx_word' id='word_1_107' title='bbox 637 1036 796 1078; x_wconf 82' lang='lat' dir='ltr'>inflexa</span> <span class='ocrx_word' id='word_1_108' title='bbox 816 1071 825 1089; x_wconf 81' lang='grc'>,</span> <span class='ocrx_word' id='word_1_109' title='bbox 858 1037 1076 1078; x_wconf 81' lang='lat' dir='ltr'>exteriora</span> <span class='ocrx_word' id='word_1_110' title='bbox 1108 1035 1266 1077; x_wconf 89' lang='lat' dir='ltr'>florum</span> <span class='ocrx_word' id='word_1_111' title='bbox 1302 1037 1572 1079; x_wconf 86' lang='lat' dir='ltr'>exteriorum</span> <span class='ocrx_word' id='word_1_112' title='bbox 1609 1040 1737 1081; x_wconf 90' lang='lat' dir='ltr'>valde</span> <span class='ocrx_word' id='word_1_113' title='bbox 1770 1052 1840 1081; x_wconf 89' lang='lat' dir='ltr'>ra-</span> 
     </span>
     <span class='ocr_line' id='line_1_13' title="bbox 136 1093 1839 1152; baseline 0.001 -14"><span class='ocrx_word' id='word_1_114' title='bbox 136 1095 297 1138; x_wconf 87' lang='lat' dir='ltr'>diantia</span> <span class='ocrx_word' id='word_1_115' title='bbox 321 1095 537 1149; x_wconf 87' lang='lat' dir='ltr'>bipartita.</span> <span class='ocrx_word' id='word_1_116' title='bbox 560 1095 748 1137; x_wconf 81' lang='lat' dir='ltr'>Fructus</span> <span class='ocrx_word' id='word_1_117' title='bbox 765 1095 976 1148; x_wconf 81' lang='lat' dir='ltr'>oblongus</span> <span class='ocrx_word' id='word_1_118' title='bbox 1006 1093 1209 1136; x_wconf 86' lang='lat' dir='ltr'>subteres</span> <span class='ocrx_word' id='word_1_119' title='bbox 1230 1094 1323 1137; x_wconf 88' lang='lat' dir='ltr'>basi</span> <span class='ocrx_word' id='word_1_120' title='bbox 1345 1097 1504 1150; x_wconf 80' lang='lat' dir='ltr'>cupula</span> <span class='ocrx_word' id='word_1_121' title='bbox 1523 1109 1546 1138; x_wconf 92' lang='lat' dir='ltr'>e</span> <span class='ocrx_word' id='word_1_122' title='bbox 1563 1099 1839 1152; x_wconf 86' lang='lat' dir='ltr'>receptaculo</span> 
     </span>
     <span class='ocr_line' id='line_1_14' title="bbox 133 1153 1841 1209; baseline 0.001 -12"><span class='ocrx_word' id='word_1_123' title='bbox 133 1157 301 1197; x_wconf 75' lang='lat' dir='ltr'>acci-eto</span> <span class='ocrx_word' id='word_1_124' title='bbox 324 1154 634 1208; x_wconf 86' lang='lat' dir='ltr'>pedicellisque</span> <span class='ocrx_word' id='word_1_125' title='bbox 651 1154 905 1196; x_wconf 83' lang='lat' dir='ltr'>incrassatis</span> <span class='ocrx_word' id='word_1_126' title='bbox 928 1153 1086 1196; x_wconf 82' lang='lat' dir='ltr'>florum</span> <span class='ocrx_word' id='word_1_127' title='bbox 1105 1153 1322 1196; x_wconf 89' lang='lat' dir='ltr'>sterilium</span> <span class='ocrx_word' id='word_1_128' title='bbox 1346 1158 1556 1209; x_wconf 90' lang='lat' dir='ltr'>exceptus</span> <span class='ocrx_word' id='word_1_129' title='bbox 1580 1169 1658 1199; x_wconf 88' lang='lat' dir='ltr'>nec</span> <span class='ocrx_word' id='word_1_130' title='bbox 1683 1169 1744 1199; x_wconf 84' lang='lat' dir='ltr'>eae</span> <span class='ocrx_word' id='word_1_131' title='bbox 1769 1157 1841 1199; x_wconf 90' lang='lat' dir='ltr'>ad-</span> 
     </span>
     <span class='ocr_line' id='line_1_15' title="bbox 134 1211 1837 1266; baseline 0.001 -10"><span class='ocrx_word' id='word_1_132' title='bbox 134 1218 276 1256; x_wconf 85' lang='lat' dir='ltr'>natus.</span> <span class='ocrx_word' id='word_1_133' title='bbox 305 1212 602 1266; x_wconf 83' lang='lat' dir='ltr'>Pericarpium</span> <span class='ocrx_word' id='word_1_134' title='bbox 619 1213 998 1255; x_wconf 75' lang='lat' dir='ltr'>membranaceum</span> <span class='ocrx_word' id='word_1_135' title='bbox 1015 1211 1132 1266; x_wconf 80' lang='lat' dir='ltr'>jugis</span> <span class='ocrx_word' id='word_1_136' title='bbox 1151 1211 1370 1256; x_wconf 87' lang='lat' dir='ltr'>obsoletis.</span> <span class='ocrx_word' id='word_1_137' title='bbox 1392 1214 1522 1256; x_wconf 85' lang='lat' dir='ltr'>Vittae</span> <span class='ocrx_word' id='word_1_138' title='bbox 1544 1215 1587 1257; x_wconf 92' lang='lat' dir='ltr'>in</span> <span class='ocrx_word' id='word_1_139' title='bbox 1610 1216 1837 1258; x_wconf 82' lang='lat' dir='ltr'>valleculis</span> 
     </span>
     <span class='ocr_line' id='line_1_16' title="bbox 132 1270 1837 1327; baseline 0.002 -13"><span class='ocrx_word' id='word_1_140' title='bbox 132 1275 282 1314; x_wconf 86' lang='lat' dir='ltr'>ternae.</span> <span class='ocrx_word' id='word_1_141' title='bbox 328 1272 547 1314; x_wconf 90' lang='lat' dir='ltr'>Albumen</span> <span class='ocrx_word' id='word_1_142' title='bbox 588 1275 705 1314; x_wconf 85' lang='lat' dir='ltr'>arcte</span> <span class='ocrx_word' id='word_1_143' title='bbox 741 1272 1000 1314; x_wconf 87' lang='lat' dir='ltr'>involutum.</span> <span class='ocrx_word' id='word_1_144' title='bbox 1023 1295 1082 1302; x_wconf 92' lang='lat'>-—</span> <span class='ocrx_word' id='word_1_145' title='bbox 1115 1270 1261 1313; x_wconf 83' lang='lat' dir='ltr'>Herba</span> <span class='ocrx_word' id='word_1_146' title='bbox 1306 1285 1450 1314; x_wconf 87' lang='lat' dir='ltr'>annua</span> <span class='ocrx_word' id='word_1_147' title='bbox 1488 1274 1672 1317; x_wconf 87' lang='lat' dir='ltr'>floribus</span> <span class='ocrx_word' id='word_1_148' title='bbox 1713 1275 1837 1327; x_wconf 88' lang='lat' dir='ltr'>albis,</span> 
     </span>
     <span class='ocr_line' id='line_1_17' title="bbox 132 1329 1840 1387; baseline 0.001 -14"><span class='ocrx_word' id='word_1_149' title='bbox 132 1331 335 1374; x_wconf 91' lang='lat' dir='ltr'>umbellis</span> <span class='ocrx_word' id='word_1_150' title='bbox 374 1330 499 1373; x_wconf 88' lang='lat' dir='ltr'>valde</span> <span class='ocrx_word' id='word_1_151' title='bbox 537 1330 808 1373; x_wconf 83' lang='lat' dir='ltr'>radiantibus</span> <span class='ocrx_word' id='word_1_152' title='bbox 844 1343 917 1372; x_wconf 91' lang='lat' dir='ltr'>eas</span> <span class='ocrx_word' id='word_1_153' title='bbox 956 1329 1146 1381; x_wconf 59' lang='lat' dir='ltr'>Artediae</span> <span class='ocrx_word' id='word_1_154' title='bbox 1172 1330 1241 1372; x_wconf 89' lang='lat' dir='ltr'>vel</span> <span class='ocrx_word' id='word_1_155' title='bbox 1277 1330 1526 1374; x_wconf 38' lang='lat' dir='ltr'>Caueal&#39;idis</span> <span class='ocrx_word' id='word_1_156' title='bbox 1549 1334 1840 1387; x_wconf 70' lang='lat' dir='ltr'>yratedifloroe</span> 
     </span>
     <span class='ocr_line' id='line_1_18' title="bbox 132 1388 1840 1446; baseline 0.001 -14"><span class='ocrx_word' id='word_1_157' title='bbox 132 1389 439 1433; x_wconf 86' lang='lat' dir='ltr'>referentibus.</span> <span class='ocrx_word' id='word_1_158' title='bbox 483 1414 531 1420; x_wconf 87' lang='grc'><strong>-</strong></span> <span class='ocrx_word' id='word_1_159' title='bbox 569 1388 718 1431; x_wconf 88' lang='lat' dir='ltr'>Genus</span> <span class='ocrx_word' id='word_1_160' title='bbox 742 1389 793 1431; x_wconf 92' lang='lat' dir='ltr'>ab</span> <span class='ocrx_word' id='word_1_161' title='bbox 822 1388 1137 1443; x_wconf 62' lang='lat' dir='ltr'>Echilzoplzora‘</span> <span class='ocrx_word' id='word_1_162' title='bbox 1168 1389 1311 1432; x_wconf 83' lang='lat' dir='ltr'>fructu</span> <span class='ocrx_word' id='word_1_163' title='bbox 1351 1391 1530 1433; x_wconf 86' lang='lat' dir='ltr'>centrali</span> <span class='ocrx_word' id='word_1_164' title='bbox 1564 1394 1734 1446; x_wconf 79' lang='lat' dir='ltr'>cupulae</span> <span class='ocrx_word' id='word_1_165' title='bbox 1770 1406 1840 1434; x_wconf 85' lang='lat' dir='ltr'>re-</span> 
     </span>
     <span class='ocr_line' id='line_1_19' title="bbox 134 1448 1839 1503; baseline 0.001 -11"><span class='ocrx_word' id='word_1_166' title='bbox 134 1449 342 1503; x_wconf 82' lang='lat' dir='ltr'>ceptaculi</span> <span class='ocrx_word' id='word_1_167' title='bbox 370 1461 456 1491; x_wconf 91' lang='lat' dir='ltr'>non</span> <span class='ocrx_word' id='word_1_168' title='bbox 482 1449 659 1499; x_wconf 77' lang='lat' dir='ltr'>aduato,</span> <span class='ocrx_word' id='word_1_169' title='bbox 685 1448 909 1491; x_wconf 89' lang='lat' dir='ltr'>valleculis</span> <span class='ocrx_word' id='word_1_170' title='bbox 947 1448 1201 1500; x_wconf 72' lang='lat' dir='ltr'>trivittatis‚</span> <span class='ocrx_word' id='word_1_171' title='bbox 1239 1448 1291 1490; x_wconf 88' lang='lat' dir='ltr'>ab</span> <span class='ocrx_word' id='word_1_172' title='bbox 1328 1449 1613 1493; x_wconf 71' lang='lat' dir='ltr'>Anisociadr&#39;o</span> <span class='ocrx_word' id='word_1_173' title='bbox 1652 1450 1839 1494; x_wconf 86' lang='lat' dir='ltr'>floribus</span> 
     </span>
     <span class='ocr_line' id='line_1_20' title="bbox 135 1505 1836 1561; baseline 0.001 -11"><span class='ocrx_word' id='word_1_174' title='bbox 135 1507 428 1550; x_wconf 86' lang='lat' dir='ltr'>exterioribus</span> <span class='ocrx_word' id='word_1_175' title='bbox 452 1520 538 1551; x_wconf 92' lang='lat' dir='ltr'>non</span> <span class='ocrx_word' id='word_1_176' title='bbox 555 1506 784 1558; x_wconf 87' lang='lat' dir='ltr'>fertilibus,</span> <span class='ocrx_word' id='word_1_177' title='bbox 809 1521 833 1549; x_wconf 89' lang='lat' dir='ltr'>a</span> <span class='ocrx_word' id='word_1_178' title='bbox 851 1505 1124 1561; x_wconf 67' lang='lat' dir='ltr'>Pycnocyelci</span> <span class='ocrx_word' id='word_1_179' title='bbox 1148 1509 1421 1561; x_wconf 85' lang='lat' dir='ltr'>receptaculo</span> <span class='ocrx_word' id='word_1_180' title='bbox 1445 1513 1628 1558; x_wconf 70' lang='lat' dir='ltr'>acerem,</span> <span class='ocrx_word' id='word_1_181' title='bbox 1653 1510 1836 1553; x_wconf 88' lang='lat' dir='ltr'>floribus</span> 
     </span>
     <span class='ocr_line' id='line_1_21' title="bbox 132 1566 1837 1620; baseline 0.001 -11"><span class='ocrx_word' id='word_1_182' title='bbox 132 1566 356 1609; x_wconf 85' lang='lat' dir='ltr'>sterilibus</span> <span class='ocrx_word' id='word_1_183' title='bbox 381 1566 672 1619; x_wconf 84' lang='lat' dir='ltr'>biserialibus,</span> <span class='ocrx_word' id='word_1_184' title='bbox 700 1566 858 1620; x_wconf 85' lang='lat' dir='ltr'>calycis</span> <span class='ocrx_word' id='word_1_185' title='bbox 891 1566 1095 1609; x_wconf 84' lang='lat' dir='ltr'>dentibus</span> <span class='ocrx_word' id='word_1_186' title='bbox 1119 1577 1234 1620; x_wconf 81' lang='lat' dir='ltr'>saepe</span> <span class='ocrx_word' id='word_1_187' title='bbox 1260 1567 1470 1610; x_wconf 86' lang='lat' dir='ltr'>abortivis</span> <span class='ocrx_word' id='word_1_188' title='bbox 1506 1572 1550 1611; x_wconf 93' lang='lat' dir='ltr'>et</span> <span class='ocrx_word' id='word_1_189' title='bbox 1571 1569 1720 1611; x_wconf 86' lang='lat' dir='ltr'>habitu</span> <span class='ocrx_word' id='word_1_190' title='bbox 1746 1573 1837 1612; x_wconf 85' lang='lat' dir='ltr'>toto</span> 
     </span>
     <span class='ocr_line' id='line_1_22' title="bbox 135 1625 400 1668; baseline 0 -1"><span class='ocrx_word' id='word_1_191' title='bbox 135 1625 400 1668; x_wconf 89' lang='lat' dir='ltr'>distinctum.</span> 
     </span>
    </p>
   </div>
   <div class='ocr_carea' id='block_1_6' title="bbox 126 1769 1839 2350">
    <p class='ocr_par' dir='ltr' id='par_1_6' title="bbox 126 1769 1839 2350">
     <span class='ocr_line' id='line_1_23' title="bbox 193 1769 1838 1827; baseline 0.002 -14"><span class='ocrx_word' id='word_1_192' title='bbox 193 1772 228 1813; x_wconf 87' lang='lat'>1.</span> <span class='ocrx_word' id='word_1_193' title='bbox 264 1770 323 1812; x_wconf 92' lang='lat' dir='ltr'>D.</span> <span class='ocrx_word' id='word_1_194' title='bbox 346 1769 589 1813; x_wconf 83' lang='lat' dir='ltr'>Persica</span> <span class='ocrx_word' id='word_1_195' title='bbox 626 1770 786 1826; x_wconf 79' lang='lat' dir='ltr'>(Boiss.</span> <span class='ocrx_word' id='word_1_196' title='bbox 828 1771 905 1813; x_wconf 92' lang='lat' dir='ltr'>loc.</span> <span class='ocrx_word' id='word_1_197' title='bbox 935 1772 1005 1814; x_wconf 91' lang='lat' dir='ltr'>cit.</span> <span class='ocrx_word' id='word_1_198' title='bbox 1044 1785 1084 1826; x_wconf 85' lang='lat' dir='ltr'>p.</span> <span class='ocrx_word' id='word_1_199' title='bbox 1121 1772 1199 1827; x_wconf 82' lang='lat'>61)</span> <span class='ocrx_word' id='word_1_200' title='bbox 1237 1773 1434 1816; x_wconf 90' lang='lat' dir='ltr'>breviter</span> <span class='ocrx_word' id='word_1_201' title='bbox 1471 1773 1690 1827; x_wconf 77' lang='lat' dir='ltr'>asperula,</span> <span class='ocrx_word' id='word_1_202' title='bbox 1714 1775 1838 1816; x_wconf 86' lang='lat' dir='ltr'>caule</span> 
     </span>
     <span class='ocr_line' id='line_1_24' title="bbox 130 1829 1837 1885; baseline 0.002 -13"><span class='ocrx_word' id='word_1_203' title='bbox 130 1830 277 1883; x_wconf 82' lang='lat' dir='ltr'>gracili</span> <span class='ocrx_word' id='word_1_204' title='bbox 305 1833 462 1881; x_wconf 80' lang='lat' dir='ltr'>erecte,</span> <span class='ocrx_word' id='word_1_205' title='bbox 485 1830 596 1872; x_wconf 88' lang='lat' dir='ltr'>foliis</span> <span class='ocrx_word' id='word_1_206' title='bbox 628 1829 789 1872; x_wconf 87' lang='lat' dir='ltr'>ambitu</span> <span class='ocrx_word' id='word_1_207' title='bbox 816 1831 1011 1884; x_wconf 82' lang='lat' dir='ltr'>oblongis</span> <span class='ocrx_word' id='word_1_208' title='bbox 1050 1831 1396 1885; x_wconf 87' lang='lat' dir='ltr'>bipinnatisectis</span> <span class='ocrx_word' id='word_1_209' title='bbox 1426 1832 1662 1885; x_wconf 81' lang='lat' dir='ltr'>segmentis</span> <span class='ocrx_word' id='word_1_210' title='bbox 1696 1844 1837 1875; x_wconf 90' lang='lat' dir='ltr'>remo-</span> 
     </span>
     <span class='ocr_line' id='line_1_25' title="bbox 126 1888 1833 1945; baseline 0.001 -14"><span class='ocrx_word' id='word_1_211' title='bbox 126 1889 326 1931; x_wconf 84' lang='lat' dir='ltr'>tiusculis</span> <span class='ocrx_word' id='word_1_212' title='bbox 349 1888 544 1942; x_wconf 82' lang='lat' dir='ltr'>oblongis</span> <span class='ocrx_word' id='word_1_213' title='bbox 568 1889 612 1931; x_wconf 91' lang='lat' dir='ltr'>in</span> <span class='ocrx_word' id='word_1_214' title='bbox 639 1889 847 1931; x_wconf 86' lang='lat' dir='ltr'>lacinulas</span> <span class='ocrx_word' id='word_1_215' title='bbox 881 1889 1165 1932; x_wconf 88' lang='lat' dir='ltr'>brevissimas</span> <span class='ocrx_word' id='word_1_216' title='bbox 1195 1891 1364 1934; x_wconf 86' lang='lat' dir='ltr'>trifidas</span> <span class='ocrx_word' id='word_1_217' title='bbox 1393 1895 1436 1934; x_wconf 91' lang='lat' dir='ltr'>et</span> <span class='ocrx_word' id='word_1_218' title='bbox 1461 1892 1652 1944; x_wconf 83' lang='lat' dir='ltr'>integras</span> <span class='ocrx_word' id='word_1_219' title='bbox 1678 1893 1833 1945; x_wconf 84' lang='lat' dir='ltr'>pinna-</span> 
     </span>
     <span class='ocr_line' id='line_1_26' title="bbox 128 1947 1836 2004; baseline 0.002 -14"><span class='ocrx_word' id='word_1_220' title='bbox 128 1947 352 2001; x_wconf 76' lang='lat' dir='ltr'>tipartitis,</span> <span class='ocrx_word' id='word_1_221' title='bbox 380 1947 580 1990; x_wconf 90' lang='lat' dir='ltr'>umbellis</span> <span class='ocrx_word' id='word_1_222' title='bbox 612 1948 863 2000; x_wconf 81' lang='lat' dir='ltr'>longissime</span> <span class='ocrx_word' id='word_1_223' title='bbox 898 1948 1202 2002; x_wconf 82' lang='lat' dir='ltr'>pedunculatis</span> <span class='ocrx_word' id='word_1_224' title='bbox 1244 1951 1477 2004; x_wconf 85' lang='lat' dir='ltr'>compactis</span> <span class='ocrx_word' id='word_1_225' title='bbox 1513 1950 1836 2004; x_wconf 83' lang='lat' dir='ltr'>multiradiatis,</span> 
     </span>
     <span class='ocr_line' id='line_1_27' title="bbox 128 2006 1838 2063; baseline 0.002 -15"><span class='ocrx_word' id='word_1_226' title='bbox 128 2006 344 2048; x_wconf 88' lang='lat' dir='ltr'>involucri</span> <span class='ocrx_word' id='word_1_227' title='bbox 369 2007 527 2060; x_wconf 89' lang='lat' dir='ltr'>phyllis</span> <span class='ocrx_word' id='word_1_228' title='bbox 554 2007 803 2049; x_wconf 87' lang='lat' dir='ltr'>lanceolatis</span> <span class='ocrx_word' id='word_1_229' title='bbox 831 2008 952 2060; x_wconf 85' lang='lat' dir='ltr'>longe</span> <span class='ocrx_word' id='word_1_230' title='bbox 981 2008 1261 2061; x_wconf 70' lang='lat' dir='ltr'>acuminatis,</span> <span class='ocrx_word' id='word_1_231' title='bbox 1299 2009 1548 2052; x_wconf 87' lang='lat' dir='ltr'>involucelli</span> <span class='ocrx_word' id='word_1_232' title='bbox 1576 2009 1737 2063; x_wconf 84' lang='lat' dir='ltr'>phyllis</span> <span class='ocrx_word' id='word_1_233' title='bbox 1764 2022 1838 2051; x_wconf 88' lang='lat' dir='ltr'>ex-</span> 
     </span>
     <span class='ocr_line' id='line_1_28' title="bbox 128 2065 1839 2121; baseline 0.002 -15"><span class='ocrx_word' id='word_1_234' title='bbox 128 2065 363 2107; x_wconf 87' lang='lat' dir='ltr'>terioribus</span> <span class='ocrx_word' id='word_1_235' title='bbox 390 2065 637 2108; x_wconf 88' lang='lat' dir='ltr'>lanceolatis</span> <span class='ocrx_word' id='word_1_236' title='bbox 655 2066 911 2108; x_wconf 81' lang='lat' dir='ltr'>acuminatIS</span> <span class='ocrx_word' id='word_1_237' title='bbox 934 2068 1065 2108; x_wconf 75' lang='lat' dir='ltr'>flores</span> <span class='ocrx_word' id='word_1_238' title='bbox 1091 2067 1368 2121; x_wconf 74' lang='lat' dir='ltr'>aequantibus</span> <span class='ocrx_word' id='word_1_239' title='bbox 1389 2067 1673 2110; x_wconf 87' lang='lat' dir='ltr'>interioribus</span> <span class='ocrx_word' id='word_1_240' title='bbox 1697 2069 1839 2111; x_wconf 88' lang='lat' dir='ltr'>trian-</span> 
     </span>
     <span class='ocr_line' id='line_1_29' title="bbox 129 2123 1831 2182; baseline 0.002 -16"><span class='ocrx_word' id='word_1_241' title='bbox 129 2123 357 2177; x_wconf 84' lang='lat' dir='ltr'>gularibus</span> <span class='ocrx_word' id='word_1_242' title='bbox 398 2125 672 2167; x_wconf 86' lang='lat' dir='ltr'>brevissimis</span> <span class='ocrx_word' id='word_1_243' title='bbox 705 2125 907 2167; x_wconf 86' lang='lat' dir='ltr'>omuibus</span> <span class='ocrx_word' id='word_1_244' title='bbox 950 2125 1124 2168; x_wconf 85' lang='lat' dir='ltr'>tandem</span> <span class='ocrx_word' id='word_1_245' title='bbox 1167 2127 1634 2181; x_wconf 78' lang='lat' dir='ltr'>reflexo—patentibus,</span> <span class='ocrx_word' id='word_1_246' title='bbox 1675 2128 1831 2182; x_wconf 87' lang='lat' dir='ltr'>petalis</span> 
     </span>
     <span class='ocr_line' id='line_1_30' title="bbox 130 2183 1830 2239; baseline 0.004 -16"><span class='ocrx_word' id='word_1_247' title='bbox 130 2183 401 2231; x_wconf 80' lang='lat' dir='ltr'>radiantibus</span> <span class='ocrx_word' id='word_1_248' title='bbox 446 2183 661 2234; x_wconf 74' lang='lat' dir='ltr'>maximis,</span> <span class='ocrx_word' id='word_1_249' title='bbox 707 2183 865 2226; x_wconf 87' lang='lat' dir='ltr'>florum</span> <span class='ocrx_word' id='word_1_250' title='bbox 915 2184 1128 2227; x_wconf 78' lang='lat' dir='ltr'>sterilium</span> <span class='ocrx_word' id='word_1_251' title='bbox 1178 2186 1401 2239; x_wconf 83' lang='lat' dir='ltr'>pediccllis</span> <span class='ocrx_word' id='word_1_252' title='bbox 1454 2187 1627 2228; x_wconf 85' lang='lat' dir='ltr'>tandem</span> <span class='ocrx_word' id='word_1_253' title='bbox 1665 2187 1830 2229; x_wconf 87' lang='lat' dir='ltr'>strictis</span> 
     </span>
     <span class='ocr_line' id='line_1_31' title="bbox 130 2241 1830 2299; baseline 0.003 -17"><span class='ocrx_word' id='word_1_254' title='bbox 130 2241 319 2283; x_wconf 86' lang='lat' dir='ltr'>fructum</span> <span class='ocrx_word' id='word_1_255' title='bbox 345 2242 740 2294; x_wconf 85' lang='lat' dir='ltr'>involucrantibus‚</span> <span class='ocrx_word' id='word_1_256' title='bbox 768 2242 897 2284; x_wconf 82' lang='lat' dir='ltr'>seriei</span> <span class='ocrx_word' id='word_1_257' title='bbox 920 2248 1112 2286; x_wconf 82' lang='lat' dir='ltr'>exteruae</span> <span class='ocrx_word' id='word_1_258' title='bbox 1137 2245 1272 2287; x_wconf 86' lang='lat' dir='ltr'>rrulto</span> <span class='ocrx_word' id='word_1_259' title='bbox 1292 2245 1582 2287; x_wconf 85' lang='lat' dir='ltr'>crassioribus</span> <span class='ocrx_word' id='word_1_260' title='bbox 1608 2249 1650 2287; x_wconf 84' lang='lat' dir='ltr'>et</span> <span class='ocrx_word' id='word_1_261' title='bbox 1667 2246 1830 2299; x_wconf 80' lang='lat' dir='ltr'>longio-</span> 
     </span>
     <span class='ocr_line' id='line_1_32' title="bbox 128 2300 348 2350; baseline 0 -9"><span class='ocrx_word' id='word_1_262' title='bbox 128 2300 253 2341; x_wconf 88' lang='lat' dir='ltr'>ribus</span> <span class='ocrx_word' id='word_1_263' title='bbox 284 2305 348 2350; x_wconf 76' lang='grc' dir='ltr'>Θ.</span> 
     </span>
    </p>
   </div>
   <div class='ocr_carea' id='block_1_7' title="bbox 127 2373 1835 2472">
    <p class='ocr_par' dir='ltr' id='par_1_7' title="bbox 127 2373 1835 2472">
     <span class='ocr_line' id='line_1_33' title="bbox 177 2373 1835 2426; baseline 0.005 -19"><span class='ocrx_word' id='word_1_264' title='bbox 177 2373 277 2408; x_wconf 86' lang='lat' dir='ltr'>Hah.</span> <span class='ocrx_word' id='word_1_265' title='bbox 297 2374 337 2408; x_wconf 91' lang='lat' dir='ltr'>in</span> <span class='ocrx_word' id='word_1_266' title='bbox 357 2374 487 2409; x_wconf 69' lang='lat' dir='ltr'>Persia</span> <span class='ocrx_word' id='word_1_267' title='bbox 504 2375 666 2410; x_wconf 87' lang='lat' dir='ltr'>australi</span> <span class='ocrx_word' id='word_1_268' title='bbox 685 2375 824 2419; x_wconf 85' lang='lat' dir='ltr'>(Auch.</span> <span class='ocrx_word' id='word_1_269' title='bbox 845 2376 936 2412; x_wconf 67' lang='lat'><em>[1556</em></span> <span class='ocrx_word' id='word_1_270' title='bbox 957 2378 1039 2419; x_wconf 65' lang='lat' dir='ltr'>Ab,</span> <span class='ocrx_word' id='word_1_271' title='bbox 1058 2377 1099 2412; x_wconf 89' lang='lat' dir='ltr'>in</span> <span class='ocrx_word' id='word_1_272' title='bbox 1120 2378 1402 2423; x_wconf 85' lang='lat' dir='ltr'>rupestribusa</span> <span class='ocrx_word' id='word_1_273' title='bbox 1431 2379 1520 2415; x_wconf 87' lang='lat' dir='ltr'>ricis</span> <span class='ocrx_word' id='word_1_274' title='bbox 1534 2390 1653 2426; x_wconf 87' lang='lat' dir='ltr'>prope</span> <span class='ocrx_word' id='word_1_275' title='bbox 1668 2380 1835 2415; x_wconf 83' lang='lat' dir='ltr'>Dalechi</span> 
     </span>
     <span class='ocr_line' id='line_1_34' title="bbox 127 2419 1562 2472; baseline 0.005 -18"><span class='ocrx_word' id='word_1_276' title='bbox 127 2419 217 2465; x_wconf 83' lang='lat' dir='ltr'>(Ky.</span> <span class='ocrx_word' id='word_1_277' title='bbox 238 2421 351 2465; x_wconf 73' lang='lat'>1652),</span> <span class='ocrx_word' id='word_1_278' title='bbox 370 2421 410 2456; x_wconf 83' lang='lat' dir='ltr'>al</span> <span class='ocrx_word' id='word_1_279' title='bbox 427 2421 539 2457; x_wconf 89' lang='lat' dir='ltr'>Kotel</span> <span class='ocrx_word' id='word_1_280' title='bbox 562 2421 791 2468; x_wconf 81' lang='lat' dir='ltr'>Kumaredji</span> <span class='ocrx_word' id='word_1_281' title='bbox 813 2425 850 2458; x_wconf 87' lang='lat' dir='ltr'>et</span> <span class='ocrx_word' id='word_1_282' title='bbox 868 2423 982 2459; x_wconf 88' lang='lat' dir='ltr'>Kotel</span> <span class='ocrx_word' id='word_1_283' title='bbox 999 2424 1123 2459; x_wconf 84' lang='lat' dir='ltr'>Mallu</span> <span class='ocrx_word' id='word_1_284' title='bbox 1145 2424 1373 2469; x_wconf 80' lang='lat' dir='ltr'>(Hausskl).</span> <span class='ocrx_word' id='word_1_285' title='bbox 1426 2425 1450 2460; x_wconf 92' lang='lat' dir='ltr'>l.</span> <span class='ocrx_word' id='word_1_286' title='bbox 1470 2427 1562 2472; x_wconf 89' lang='lat' dir='ltr'>Apr.</span> 
     </span>
    </p>
   </div>
   <div class='ocr_carea' id='block_1_8' title="bbox 130 2482 1834 2582">
    <p class='ocr_par' dir='ltr' id='par_1_8' title="bbox 130 2482 1834 2582">
     <span class='ocr_line' id='line_1_35' title="bbox 178 2482 1834 2534; baseline 0.004 -16"><span class='ocrx_word' id='word_1_287' title='bbox 178 2482 390 2529; x_wconf 81' lang='lat' dir='ltr'>Bipedalis‚</span> <span class='ocrx_word' id='word_1_288' title='bbox 415 2485 507 2519; x_wconf 83' lang='lat' dir='ltr'>folia</span> <span class='ocrx_word' id='word_1_289' title='bbox 535 2483 676 2527; x_wconf 70' lang='lat' dir='ltr'>Danei,</span> <span class='ocrx_word' id='word_1_290' title='bbox 695 2485 871 2521; x_wconf 88' lang='lat' dir='ltr'>umbella</span> <span class='ocrx_word' id='word_1_291' title='bbox 888 2487 1003 2522; x_wconf 85' lang='lat' dir='ltr'>(liam.</span> <span class='ocrx_word' id='word_1_292' title='bbox 1024 2487 1101 2522; x_wconf 87' lang='lat' dir='ltr'>fere</span> <span class='ocrx_word' id='word_1_293' title='bbox 1120 2488 1371 2534; x_wconf 86' lang='lat' dir='ltr'>bipollicaris.</span> <span class='ocrx_word' id='word_1_294' title='bbox 1404 2488 1632 2524; x_wconf 86' lang='lat' dir='ltr'>Umbellula</span> <span class='ocrx_word' id='word_1_295' title='bbox 1652 2489 1834 2525; x_wconf 81' lang='lat' dir='ltr'>centralis</span> 
     </span>
     <span class='ocr_line' id='line_1_36' title="bbox 130 2529 1679 2582; baseline 0.005 -18"><span class='ocrx_word' id='word_1_296' title='bbox 130 2529 169 2564; x_wconf 89' lang='lat' dir='ltr'>in</span> <span class='ocrx_word' id='word_1_297' title='bbox 190 2531 408 2577; x_wconf 83' lang='lat' dir='ltr'>ampullam</span> <span class='ocrx_word' id='word_1_298' title='bbox 426 2531 767 2567; x_wconf 82' lang='lat' dir='ltr'>membranaceam</span> <span class='ocrx_word' id='word_1_299' title='bbox 785 2533 982 2569; x_wconf 83' lang='lat' dir='ltr'>clavatam</span> <span class='ocrx_word' id='word_1_300' title='bbox 1001 2535 1109 2580; x_wconf 89' lang='lat' dir='ltr'>apice</span> <span class='ocrx_word' id='word_1_301' title='bbox 1131 2546 1371 2581; x_wconf 80' lang='lat' dir='ltr'>purpuream</span> <span class='ocrx_word' id='word_1_302' title='bbox 1391 2546 1495 2582; x_wconf 63' lang='lat' dir='ltr'>saepe</span> <span class='ocrx_word' id='word_1_303' title='bbox 1519 2539 1679 2572; x_wconf 84' lang='lat' dir='ltr'>mutata.</span> 
     </span>
    </p>
   </div>
   <div class='ocr_carea' id='block_1_9' title="bbox 436 2697 1451 2761">
    <p class='ocr_par' dir='ltr' id='par_1_9' title="bbox 436 2697 1451 2761">
     <span class='ocr_line' id='line_1_37' title="bbox 436 2697 1451 2761; baseline 0.007 -18"><span class='ocrx_word' id='word_1_304' title='bbox 436 2697 756 2746; x_wconf 69' lang='lat' dir='ltr'>PYCNocvctA</span> <span class='ocrx_word' id='word_1_305' title='bbox 784 2700 922 2761; x_wconf 69' lang='lat' dir='ltr'>(lindi</span> <span class='ocrx_word' id='word_1_306' title='bbox 984 2701 1022 2747; x_wconf 91' lang='lat' dir='ltr'>in</span> <span class='ocrx_word' id='word_1_307' title='bbox 1061 2700 1183 2761; x_wconf 60' lang='lat' dir='ltr'>{zoyle</span> <span class='ocrx_word' id='word_1_308' title='bbox 1221 2702 1287 2748; x_wconf 84' lang='grc' dir='ltr'>ΙΙΙ.</span> <span class='ocrx_word' id='word_1_309' title='bbox 1321 2702 1451 2761; x_wconf 75' lang='lat'>232).</span> 
     </span>
    </p>
   </div>
   <div class='ocr_carea' id='block_1_10' title="bbox 127 2812 1830 2989">
    <p class='ocr_par' dir='ltr' id='par_1_10' title="bbox 127 2812 1830 2989">
     <span class='ocr_line' id='line_1_38' title="bbox 186 2812 1827 2871; baseline 0.005 -19"><span class='ocrx_word' id='word_1_310' title='bbox 186 2812 337 2854; x_wconf 85' lang='lat' dir='ltr'>Flores</span> <span class='ocrx_word' id='word_1_311' title='bbox 362 2815 588 2868; x_wconf 64' lang='lat' dir='ltr'>polygami,</span> <span class='ocrx_word' id='word_1_312' title='bbox 623 2817 826 2858; x_wconf 69' lang='lat' dir='ltr'>centralis</span> <span class='ocrx_word' id='word_1_313' title='bbox 854 2818 1098 2860; x_wconf 78' lang='lat' dir='ltr'>umbellulae</span> <span class='ocrx_word' id='word_1_314' title='bbox 1125 2818 1293 2860; x_wconf 82' lang='lat' dir='ltr'>sessilis</span> <span class='ocrx_word' id='word_1_315' title='bbox 1321 2822 1364 2860; x_wconf 86' lang='lat' dir='ltr'>ct</span> <span class='ocrx_word' id='word_1_316' title='bbox 1387 2819 1554 2871; x_wconf 74' lang='lat' dir='ltr'>fertilis,</span> <span class='ocrx_word' id='word_1_317' title='bbox 1586 2820 1827 2861; x_wconf 87' lang='lat' dir='ltr'>exteriores</span> 
     </span>
     <span class='ocr_line' id='line_1_39' title="bbox 127 2870 1825 2932; baseline 0.005 -21"><span class='ocrx_word' id='word_1_318' title='bbox 127 2870 371 2923; x_wconf 81' lang='lat' dir='ltr'>pediccllati</span> <span class='ocrx_word' id='word_1_319' title='bbox 393 2874 615 2916; x_wconf 81' lang='lat' dir='ltr'>uniseriati</span> <span class='ocrx_word' id='word_1_320' title='bbox 637 2877 827 2917; x_wconf 85' lang='lat' dir='ltr'>masculi.</span> <span class='ocrx_word' id='word_1_321' title='bbox 863 2875 994 2929; x_wconf 82' lang='lat' dir='ltr'>Calyx</span> <span class='ocrx_word' id='word_1_322' title='bbox 1016 2880 1206 2918; x_wconf 78' lang='lat' dir='ltr'>onmium</span> <span class='ocrx_word' id='word_1_323' title='bbox 1229 2878 1384 2918; x_wconf 82' lang='lat' dir='ltr'>florum</span> <span class='ocrx_word' id='word_1_324' title='bbox 1410 2878 1825 2932; x_wconf 82' lang='lat' dir='ltr'>quinquedeutatus.</span> 
     </span>
     <span class='ocr_line' id='line_1_40' title="bbox 127 2928 1830 2989; baseline 0.005 -19"><span class='ocrx_word' id='word_1_325' title='bbox 127 2928 273 2970; x_wconf 82' lang='lat' dir='ltr'>Petala</span> <span class='ocrx_word' id='word_1_326' title='bbox 297 2931 477 2974; x_wconf 87' lang='lat' dir='ltr'>obovata</span> <span class='ocrx_word' id='word_1_327' title='bbox 502 2934 768 2985; x_wconf 70' lang='lat' dir='ltr'>emarginata</span> <span class='ocrx_word' id='word_1_328' title='bbox 797 2947 892 2977; x_wconf 89' lang='lat' dir='ltr'>cum</span> <span class='ocrx_word' id='word_1_329' title='bbox 922 2935 1106 2977; x_wconf 82' lang='lat' dir='ltr'>laciuula</span> <span class='ocrx_word' id='word_1_330' title='bbox 1134 2936 1307 2987; x_wconf 73' lang='lat' dir='ltr'>inflexa,</span> <span class='ocrx_word' id='word_1_331' title='bbox 1334 2937 1528 2989; x_wconf 69' lang='lat' dir='ltr'>aequalia.</span> <span class='ocrx_word' id='word_1_332' title='bbox 1557 2936 1743 2978; x_wconf 83' lang='lat' dir='ltr'>Fructus</span> <span class='ocrx_word' id='word_1_333' title='bbox 1758 2949 1830 2989; x_wconf 83' lang='lat' dir='ltr'>cy-</span> 
     </span>
    </p>
   </div>
  </div>
 </body>
</html>
