2045 3227
103 205 254 242 Pisum.
834 211 1111 239 Lsseumnosffl.
1745 202 1819 239 623

102 288 313 331 unissoros
341 283 630 341 aequantibus,
653 284 812 328 foliolis
840 283 1051 338 2-3-jugis
1078 281 1233 335 ovam,
1255 282 1440 325 floribus
1455 282 1578 337 albis,
1598 284 1817 339 legumine

103 345 343 398 reticulato,
366 344 613 387 seminibus
632 344 824 398 globosis
850 342 1032 386 laevibus
1058 346 1124 392 (D.

149 420 251 456 Hab.
276 420 614 466 subspontaneum
633 419 673 454 in
691 418 799 454 arvis
819 417 1084 464 Peloponnesi
1104 419 1142 453 et
1166 416 1287 464 Cypri
1305 418 1371 462 (ex
1389 417 1544 464 Sibth.),
1563 418 1696 464 lSyriae
1712 418 1820 454 litto-

102 467 197 504 ralis
214 467 330 512 (1312),
349 466 505 502 Tauriae
523 467 589 511 (ex
607 465 735 511 Μ.Β.).
762 465 918 512 Ubique
936 464 1087 501 colitur.

164 603 202 644 ⁹2.
238 601 295 644 P.
329 611 586 644 arvense
607 599 674 655 (L.
698 598 770 653 Sp.
798 598 933 654 1027)
965 612 1160 642 annuum
1195 599 1397 653 glabrum
1422 599 1717 653 glaucescens,
1744 599 1819 641 sti-

101 661 216 716 pulis
239 660 379 702 ovatis
406 658 706 703 semicordatis
737 657 831 700 basi
863 658 1139 712 lnaequaliter
1175 658 1377 709 dentatis,
1420 658 1683 712 pedunculis
1719 658 1816 701 uni-

100 719 223 762 floris
257 719 441 773 stipulas
473 717 748 772 aequantibus
783 717 851 758 vel
879 717 1207 770 superantibus,
1240 717 1396 759 foliolis
1421 717 1634 771 2-3-jugis
1659 717 1817 770 ovatis,

100 778 285 821 floribus
311 776 697 820 caerulescentibus
737 775 816 817 alis
838 775 1011 818 intense
1034 776 1300 831 purpureis,
1328 776 1543 830 legumine
1571 776 1817 829 reticulato,

101 836 344 879 seminibus
373 835 589 890 angulatis
614 834 798 877 laevibus
826 839 894 884 Θ.

145 910 247 946 Hab.
278 910 616 956 subspontaneum
645 908 747 943 inter
777 908 944 952 segetes,
972 906 1273 954 Peloponnesus
1306 906 1433 952 (herb.
1467 906 1679 953 Fauchel),
1707 906 1823 954 Syria

99 956 282 993 littoralis
300 967 421 1005 prope
438 956 659 1002 Berythum
677 954 804 1001 (Gaill
817 956 844 1000 l)
865 956 902 990 et
925 954 1038 1001 prob.
1058 954 1167 990 alibi.
1188 954 1301 1002 Saepe
1322 954 1483 991 cultum.

160 1095 197 1136 3.
232 1093 290 1136 P.
321 1093 541 1137 elatius
571 1092 698 1149 (MR.
734 1093 864 1135 Taur.
894 1091 1020 1135 Cauc.
1054 1092 1112 1146 Il,
1152 1105 1191 1146 p.
1235 1091 1334 1143 151)
1370 1105 1567 1136 annuum
1610 1094 1816 1147 glabrum

101 1153 393 1207 glaucescens‚
421 1153 620 1196 caulibus
646 1152 772 1194 elatis
792 1152 1124 1203 scandentibus,
1150 1151 1326 1205 stipulis
1348 1152 1487 1194 ovatis
1516 1153 1819 1196 semicordatis

102 1212 196 1255 basi
220 1212 493 1266 inaequaliter
510 1212 697 1254 dentatis
723 1211 970 1266 pedunculo
1002 1211 1207 1253 1·3-ssoro
1225 1210 1386 1264 saepius
1415 1212 1585 1266 2-3-1210
1610 1212 1822 1255 breviori-

103 1271 199 1324 bus,
215 1270 371 1314 foliolis
398 1271 607 1326 ‘2-3-jugis
626 1269 820 1323 oblongis
846 1263 915 1312 ve'l
938 1269 1155 1324 ellipticis,
1182 1269 1367 1312 floribus
1388 1271 1555 1323 magnis
1575 1283 1822 1325 purpuras-

100 1329 440 1373 centi-violaceis
466 1330 544 1373 alis
570 1330 743 1372 intense
770 1329 1035 1383 purpureis,
1061 1328 1282 1383 legumine
1307 1329 1552 1378 reticulato,
1580 1330 1821 1373 seminibus

101 1388 293 1442 globosis
332 1389 581 1442 granulosis
626 1388 783 1442 griseis
820 1388 1324 1431 brunnen-marmoratis
1359 1389 1421 1435 O.
1452 1389 1500 1430 Ρ.
1534 1400 1716 1432 arcense
1754 1390 1818 1432 Fi.

104 1446 240 1491 Graec.
263 1449 349 1491 tab.
375 1449 474 1502 687,
502 1461 588 1491 non
615 1447 660 1489 L.
679 1472 733 1477 —-
744 1447 792 1490 P.
818 1446 1027 1501 biflorum
1063 1446 1204 1490 Rafin.
1223 1471 1279 1477 —
1296 1447 1344 1489 P.
1366 1447 1661 1500 ,qrantolatum
1685 1448 1822 1503 Lloyd

108 1505 167 1551 Fl.
198 1508 339 1550 Ouest
363 1506 434 1550 Fr.

148 1581 251 1618 Hab.
277 1582 318 1617 in
336 1581 514 1618 dumosis
532 1581 704 1626 regionis
725 1582 928 1617 montanae
946 1582 983 1616 et
1000 1579 1209 1625 inferioris,
1231 1580 1384 1617 Graecia
1401 1581 1443 1616 in
1461 1581 1621 1617 Malevn
1640 1581 1822 1617 Laconiae

100 1628 276 1675 (OrphD,
306 1629 452 1665 Parnes
471 1629 610 1664 Atticae
629 1628 796 1673 Heldrl),
824 1627 1060 1664 Macedonia
1083 1630 1121 1663 et
1144 1627 1315 1663 Thracia
1334 1628 1516 1672 (Grisebl
1537 1628 1693 1673 Sibth.),
1717 1631 1821 1665 Ana-

101 1676 198 1711 tolia
215 1676 256 1711 in
274 1676 462 1722 Bithynia.
478 1676 638 1720 (Griseb
649 1677 686 1721 l),
704 1676 831 1722 Lydia
845 1675 887 1710 in
901 1673 1107 1710 montibus
1119 1674 1302 1720 Smyrnae
1316 1675 1449 1718 (Boiss
1464 1676 1702 1721 t),Ph1-ygm..
1719 1677 1819 1723 Cap-

102 1723 275 1805 pladocia,
306 1724 440 1778 Cilicia.
465 1723 603 1769 (Ball),
631 1723 747 1769 Syria
772 1723 814 1758 in
842 1721 1140 1776 Libano-(BH).
1170 1732 1280 1769 prov.
1320 1723 1635 1759 Trascaucasicis
1663 1723 1813 1768 (Szowl

142 1771 242 1807 oben
252 1773 288 1816 ἱ),
305 1771 450 1807 Perswe
468 1780 577 1817 prov.
600 1770 819 1806 Asterabad
836 1780 958 1817 prope
976 1769 1100 1805 Siaret
1120 1769 1268 1816 (Bgel).
1288 1769 1346 1805 Fl.
1366 1781 1468 1806 vere.

147 1837 208 1918 Alr.
236 1836 369 1881 Geoqr.
396 1834 528 1870 Gallia
559 1833 829 1879 occidentalis,
855 1834 963 1880 regio
989 1832 1281 1869 mediterranea
1310 1832 1480 1881 Europae
1511 1836 1549 1869 et
1575 1833 1719 1870 Africae
1748 1835 1820 1871 bo-

107 1893 173 1919 rea
191 1893 236 1918 1s.

161 2032 200 2073 4.
230 2031 286 2074 P.
313 2030 540 2074 humile
571 2029 732 2085 (Boiss.
759 2032 802 2071 et
828 2027 919 2071 Noe
947 2028 1099 2082 Diagn.
1127 2026 1221 2070 Ser.
1254 2026 1319 2075 II,
1347 2028 1397 2080 2,
1430 2039 1470 2081 p.
1505 2027 1583 2084 45)
1612 2040 1821 2081 annuum,

94 2090 300 2144 glabrum
334 2091 629 2144 glaucescens,
670 2088 867 2132 caulibus
898 2086 1138 2130 humilibus
1166 2087 1392 2139 flexuosis,
1423 2087 1598 2140 stipulis
1625 2087 1821 2140 oblongis

102 2149 402 2193 semicordatis
425 2149 519 2191 basi
544 2148 820 2202 inaequaliter
845 2146 1033 2189 dentatis
1059 2145 1305 2200 pedunculo
1329 2146 1534 2188 1-2-ssom
1563 2146 1821 2200 aequilongis

103 2209 172 2250 vel
194 2208 485 2260 brevioribus,
509 2207 665 2251 foliolis
700 2205 908 2261 2-3-jugis
937 2205 1074 2249 ovatis
1106 2205 1176 2247 vel
1198 2205 1413 2259 oblongis,
1442 2205 1626 2248 floribus
1657 2205 1821 2247 medio-

103 2268 265 2318 cribus,
292 2267 451 2309 vexillo
479 2266 677 2321 squalide
705 2266 875 2308 lilacino
894 2264 1226 2317 retuso-bilobo,
1255 2265 1336 2307 alis
1364 2264 1541 2307 sordide
1566 2264 1821 2318 purpureis,

103 2327 320 2380 legumine
345 2326 602 2379 reticulato,
643 2325 886 2368 seminibus
924 2323 1117 2378 globosis
1154 2323 1397 2377 granulatis
1424 2323 1640 2366 brunneis
1671 2323 1823 2365 viridi-

108 2386 384 2428 marmoratis
416 2389 484 2436 O.

151 2459 251 2494 Hab.
272 2459 312 2494 in
338 2459 583 2505 rupestribus
601 2458 726 2504 Syriae
744 2457 915 2493 borealis
944 2457 994 2493 ad
1013 2456 1167 2504 Aleppo
1197 2458 1236 2492 et
1264 2456 1411 2492 Aintab
1435 2455 1615 2500 (Haussk
1630 2458 1669 2501 ἔ),
1689 2458 1825 2493 Arme-

102 2505 179 2541 niae
197 2506 381 2541 australis
402 2505 453 2541 ad
480 2505 638 2544 Bakker
672 2504 841 2541 Maaden
872 2505 975 2551 (Noe
987 2505 1024 2550 1),
1056 2504 1355 2551 Mesopotamiae
1381 2503 1432 2539 ad
1461 2503 1614 2539 Mardin
1640 2507 1678 2540 et
1696 2504 1826 2541 Terek

105 2553 285 2595 (Haussk
297 2555 332 2598 Ξ).
352 2552 414 2588 Fl.
429 2553 542 2588 Mart.
565 2553 658 2599 Apr.

151 2616 274 2654 Valde
293 2617 406 2652 affine
426 2616 473 2652 P.
494 2616 653 2653 elatiori
668 2615 895 2652 distinctum
911 2614 1067 2651 videtur
1084 2615 1267 2650 caulibus
1284 2614 1460 2661 pumilis,
1476 2614 1640 2650 floribus
1659 2615 1824 2652 dimidio

104 2664 337 2746 minoribus
359 2664 507 2700 vexillo
525 2667 670 2710 retuso,
689 2663 846 2700 corollae
865 2666 902 2699 et
921 2662 1118 2699 seminum
1135 2662 1278 2698 colore.
1302 2661 1464 2698 Cultum
1484 2661 1727 2698 characteres
1746 2673 1826 2698 ser-

106 2721 199 2747 vavi
220 2741 225 2746 .

166 2863 202 2903 5.
229 2862 286 2904 Ρ.
301 2860 534 2904 fulvum
552 2860 707 2917 (Sibtb.
734 2862 777 2902 et
795 2859 880 2902 Sm.
903 2857 1230 2905 F1.G1·aec.V11,
1250 2872 1289 2913 p.
1313 2860 1381 2901 79.
1397 2859 1481 2901 tab.
1503 2859 1609 2915 688)
1630 2873 1824 2902 annuum

105 2921 303 2974 glabrum
329 2921 624 2973 glaucescens,
652 2919 851 2962 caulibus
876 2918 1083 2961 tenuibus
1116 2918 1443 2969 scandentibus,
1480 2917 1657 2972 stipulis
1685 2919 1825 2962 ovatis

106 2980 174 3022 vel
202 2979 453 3023 orbiculatis
482 2978 781 3021 semicordatis
818 2977 914 3022 basi
953 2977 1021 3019 vel
1047 2976 1242 3031 undique
1276 2977 1465 3020 dentatis
1505 2978 1575 3020 vel
1603 2978 1823 3032 profunde
