2015 3227
138 208 301 247 Sedum.
838 216 1137 243 caassumcaAE.
1763 202 1835 238 789

578 302 590 321 '
638 302 658 320 *
706 303 818 339 Folia
840 303 1076 339 semiteretia
1093 302 1156 339 vel
1173 301 1395 348 cylindrica.

741 377 783 418 -ξ-
835 374 966 410 Flores
985 373 1232 409 10-12-andri.

608 446 664 491 a.)
687 445 821 481 Petala
837 445 940 491 alba,
958 455 1069 480 rosea
1086 444 1150 480 vel
1167 455 1372 491 purpurea.

201 529 270 571 37.
307 527 358 571 S.
388 528 667 584 glaucum
687 526 776 582 (W.
801 527 850 569 K.
877 527 933 581 pl.
957 540 1041 569 rar.
1062 527 1201 580 Hung.
1226 539 1267 579 p.
1294 528 1387 577 198,
1406 525 1489 568 tab.
1514 523 1615 578 181)
1632 524 1830 576 glabrum

139 587 210 629 vel
262 598 453 642 superne
502 586 975 640 glanduloso-pilosum,
1016 586 1137 628 caule
1176 585 1336 638 saepius
1368 585 1460 627 basi
1500 595 1683 635 ramoso,
1718 582 1829 624 foliis

137 646 463 689 semiteretihus
503 644 740 687 linearibus
774 644 1136 698 subcomplanatis
1172 643 1657 695 obtusiusculis,cy1nae
1697 641 1827 683 ramis

142 705 215 746 2-5
244 704 540 759 scorpioideis,
582 703 763 746 floribus
801 702 1130 747 unilateralibus
1167 703 1481 745 subsessilibus
1514 701 1670 754 saepius
1703 700 1831 742 hexa-

139 764 286 816 meris,
317 764 471 817 calycis
512 762 676 805 laciniis
712 763 849 805 ovatis
883 762 1033 812 acutiS‚
1070 762 1222 816 petalis
1257 763 1366 804 albis
1398 761 1463 803 vel
1488 759 1655 803 carneis
1686 759 1830 802 carina

137 822 278 865 roseis
325 823 572 864 lanceolatis
619 821 870 875 cuspidatis,
911 822 1111 875 carpellis
1159 820 1586 874 conice-compressis
1624 817 1829 871 expansis

137 891 252 935 saepe
286 881 451 924 minute
487 880 771 924 tuberculatis
811 885 858 931 Ε)
903 881 972 923 vel
1013 880 1084 935 Q).
1121 880 1174 922 Ic.
1213 880 1342 922 Rchb.
1384 878 1484 920 Crit..
1512 879 1582 931 lig.
1617 878 1741 920 1137.
1774 900 1827 905 —

135 938 179 981 S.
204 938 494 993 Hispanicum
517 939 567 982 L.
591 939 661 994 Sp.
689 941 786 982 618.
810 964 866 971 —
889 939 930 982 S.
955 938 1174 993 sacrficium
1197 939 1300 980 ΜΒ.
1320 939 1447 981 Taur.
1468 936 1592 979 Cane.
1615 936 1645 987 I,
1666 949 1705 990 p.
1728 936 1826 977 354.

185 1012 338 1059 Species
384 1012 648 1060 polymorpha
678 1012 747 1048 sed
779 1012 942 1047 floribus
971 1012 1048 1047 fere
1084 1022 1237 1058 semper
1279 1010 1518 1058 hexapetalis
1557 1008 1830 1053 10-12-andris,

138 1059 279 1107 petalis
290 1060 404 1096 valde
418 1060 662 1103 acuminatis,
680 1060 852 1095 antheris
867 1060 944 1095 fere
959 1060 1113 1105 semper
1127 1060 1262 1105 nigris,
1276 1058 1454 1105 carpellis
1471 1058 1556 1092 basi
1570 1057 1659 1092 latis
1675 1065 1829 1101 semper

137 1107 460 1152 recognoscenda.
483 1108 634 1143 Nomen
656 1107 807 1142 Linnaei
824 1107 984 1143 omnino
1002 1107 1250 1153 rejiciendum
1271 1117 1363 1141 nam
1381 1105 1513 1152 planta
1532 1103 1739 1139 Orientalis
1758 1104 1828 1148 est,

138 1154 179 1189 in
198 1154 392 1201 Hispania
409 1165 487 1190 non
506 1154 639 1190 obvia.

197 1239 238 1262 α.
273 1218 551 1273 leiocarpum.
589 1244 641 1250 ——
670 1216 868 1273 Carpella
903 1219 1052 1272 glabra
1093 1220 1161 1261 vel
1186 1218 1486 1273 glabriuseula.
1516 1241 1563 1245 —-
1600 1215 1643 1258 S.
1673 1214 1830 1269 He'spa-

137 1277 288 1320 nicam
311 1277 447 1321 Gaud.
474 1278 534 1321 Fl.
560 1279 699 1329 Helv.,
727 1278 857 1320 Koch.
882 1277 983 1331 Syn.

185 1352 284 1388 Hah.
310 1354 349 1388 in
377 1353 530 1389 saxosis
556 1353 763 1398 regionum
791 1353 919 1398 magis
948 1353 1310 1399 septentrionalium
1341 1350 1511 1396 ditionis,
1535 1348 1763 1385 Macedonia
1791 1349 1831 1383 et

137 1399 306 1436 Thracia
324 1400 528 1446 (GrisebD,
548 1400 694 1436 Tauria
712 1402 749 1435 et
766 1400 961 1435 Caucaso!

196 1464 240 1519 β.
276 1464 566 1517 eriocarpum.
597 1489 653 1495 —
678 1463 874 1521 Carpella
902 1465 1001 1519 plus
1031 1466 1230 1507 minusve
1254 1464 1378 1505 hirta.
1405 1487 1458 1493 —
1485 1461 1526 1504 S.
1552 1460 1829 1512 erioearpnm

137 1523 197 1566 Fl.
219 1523 293 1566 Gr.
310 1524 360 1576 V,
378 1537 420 1578 p.
441 1525 509 1577 36,
525 1524 612 1567 tab.
633 1525 731 1567 449.
751 1549 805 1554 ——
823 1524 864 1568 S.
885 1523 1100 1566 Orientale
1118 1524 1253 1566 Boiss.
1269 1522 1422 1575 Diagn.
1447 1521 1540 1564 Ser.
1562 1520 1592 1565 I.
1614 1521 1680 1571 10,
1699 1532 1738 1572 p.
1762 1520 1827 1561 17.

138 1607 195 1614 —
217 1584 259 1627 S.
281 1582 568 1636 Hispanicmn
594 1584 624 1638 β
648 1582 919 1626 Bzcoebaumii
951 1581 1118 1626 GriSeb.
1146 1582 1255 1637 SpiC.
1283 1582 1314 1624 Ι.
1342 1595 1381 1635 p.
1408 1581 1504 1622 3224.
1531 1604 1586 1610 -—
1609 1578 1652 1620 S.
1680 1578 1829 1620 Arme-

135 1654 246 1684 ‘nam
269 1642 407 1685 Boiss.
444 1643 593 1696 Diagn.
624 1643 716 1686 Ser.
753 1643 807 1696 II,
840 1643 879 1695 2,
918 1655 961 1696 p.
1002 1645 1070 1686 61.
1105 1666 1158 1673 --
1191 1641 1232 1684 S.
1270 1640 1511 1682 modestum,
1538 1638 1675 1680 Boiss.
1702 1637 1746 1678 in
1769 1637 1825 1690 pl.

139 1702 220 1755 Ky.
246 1713 334 1743 exs.

184 1774 284 1810 Hah.
303 1775 662 1822 frequentissimum
680 1775 719 1810 in
737 1775 858 1810 aridis
875 1776 1026 1811 saxosis
1044 1775 1213 1821 reglonis
1231 1774 1422 1810 inferioris
1438 1775 1472 1808 et
1489 1772 1702 1817 p1·aese1·tim
1718 1780 1828 1805 mon-

136 1823 239 1857 tanae
273 1825 312 1858 et
343 1822 574 1869 subalpinae,
605 1822 756 1858 Graecia
787 1824 827 1858 in
869 1823 1074 1869 Hymetto,
1117 1823 1322 1865 Parnasso,
1364 1821 1641 1866 Peloponneso,
1684 1816 1830 1852 AEtolia

136 1869 293 1913 (Heldrl
320 1869 473 1916 Orph!)‚
508 1870 706 1905 montibus
736 1870 972 1905 Macedoniae
1005 1873 1042 1906 et
1071 1870 1247 1906 Thraciae
1280 1868 1454 1913 (Griseffl
1490 1865 1628 1900 Heldr!
1661 1864 1826 1910 Orph!!),

136 1916 322 1952 Anatolia
354 1917 394 1951 in
428 1917 628 1952 montibus
661 1917 877 1962 Bithyniae!
911 1917 1068 1963 Lydiae!
1099 1915 1455 1962 (Boissz),1sauriae
1479 1912 1663 1957 (Heldrl),
1681 1911 1828 1946 Ciliciae

132 1963 263 2008 (Kyl),
281 1963 404 2009 Syriae
423 1963 604 1999 littoralis
623 1966 661 1999 et
678 1964 818 1999 Libani
836 1964 982 2006 (Boissl
1002 1965 1064 2000 ΒΗ
1085 1964 1191 2000 Gaill
1204 1966 1240 2008 l),
1273 1963 1468 1999 Palestina
1486 1960 1661 2005 (Boissu,
1681 1959 1830 2003 Cappa—

136 2010 248 2045 docia
264 2010 399 2055 (Ball),
417 2012 603 2046 Armenia
621 2011 783 2047 Tureica
800 2012 939 2056 (Huetl
958 2012 1135 2057 Bourgl),
1168 2022 1274 2058 prov.
1306 2007 1666 2049 Transeaucasicis!‚
1696 2005 1831 2040 Persia

136 2057 217 2092 bor.
237 2058 286 2093 ad
303 2057 504 2093 Schahrud
523 2058 655 2104 (Bgel)
673 2061 710 2094 et
727 2059 889 2094 australi
907 2059 955 2094 ad
973 2059 1196 2106 Persepolin
1215 2058 1304 2104 (Ky.
1323 2057 1431 2102 2881).
1448 2055 1502 2090 Fl.
1522 2064 1610 2089 vere
1629 2056 1667 2088 et
1684 2054 1827 2087 aestate.

182 2114 316 2150 Variat
332 2114 472 2161 petalis
490 2115 638 2160 glabris
656 2116 782 2151 rarius
801 2116 932 2151 carina
963 2115 1087 2161 hirtis,
1114 2114 1292 2161 carpellis
1318 2113 1421 2160 stylo
1449 2109 1746 2156 suhoequilongo
1764 2107 1828 2142 vel

131 2160 258 2210 duplo
276 2162 455 2197 breviore
473 2162 676 2213 superatis.

193 2247 232 2285 γ.
266 2227 563 2280 Bithynicam.
590 2251 643 2256 —
668 2226 821 2270 Omnia
852 2227 1074 2271 varietatis
1108 2228 1152 2282 β,
1184 2227 1370 2281 carpella
1401 2225 1524 2274 hirta,
1566 2223 1640 2265 sed
1681 2221 1826 2274 planta

134 2287 325 2329 surculis
350 2286 572 2329 sterilibus
601 2297 714 2341 saepe
738 2287 893 2329 donata
913 2290 956 2329 et
975 2287 1070 2329 ideo
1097 2286 1315 2329 interdum
1334 2295 1591 2339 perennans.
1613 2306 1665 2312 —
1684 2279 1726 2321 S.
1751 2279 1826 2322 Bi-

133 2344 364 2399 thynicam
387 2345 523 2388 Boiss.
548 2345 698 2399 Diagn.
729 2345 825 2388 Ser.
855 2345 888 2398 I,
915 2347 982 2394 10,
1009 2359 1048 2400 p.
1078 2347 1142 2388 17.

182 2419 282 2454 Hah.
300 2419 339 2455 in
359 2419 559 2455 umbrosis
590 2422 628 2455 et
658 2419 935 2476 frigidioribus,
972 2419 1132 2467 Olympi
1164 2418 1326 2465 Bithyni
1364 2419 1467 2463 regio
1501 2415 1629 2451 media
1650 2414 1827 2459 (Boissl],

134 2465 282 2502 Pontus
301 2467 519 2502 maritimus
538 2467 588 2502 ad
606 2467 726 2502 Rhize
744 2467 834 2511 (Bal
844 2469 883 2512 l).

196 2531 234 2574 ὃ.
262 2531 575 2585 polypetalum.
603 2557 655 2563 -
686 2530 852 2585 Calycis
887 2531 1051 2573 laciniae
1082 2531 1382 2584 sublongiores
1406 2529 1662 2579 lanceolam,
1690 2526 1828 2580 petala

135 2590 297 2644 saepius
324 2592 395 2632 7-9
416 2591 588 2644 pallida,
612 2591 805 2633 antherae
828 2590 988 2644 saepius
1006 2590 1188 2643 ssavidae,
1214 2590 1398 2643 carpella
1421 2588 1613 2640 elongata
1637 2585 1828 2628 acutiora

137 2649 262 2691 valde
286 2650 554 2696 tuberculata
578 2650 737 2704 glabra.

182 2722 280 2758 Hab.
300 2723 340 2757 in
358 2722 471 2768 Syria
491 2723 651 2760 littorali
669 2724 768 2759 circa
787 2723 904 2758 Saida
922 2722 1064 2767 (Gailll
1082 2732 1160 2757 exs.
1179 2722 1253 2757 sub
1270 2720 1307 2757 S.
1331 2720 1556 2764 Palestino).

181 2779 322 2814 Forma
343 2779 503 2814 ulterius
522 2779 773 2815 observanda
789 2790 812 2815 a
829 2782 923 2825 typo
941 2778 1080 2825 petalis
1111 2777 1455 2819 numerosioribus,
1479 2771 1828 2821 cai-pellis'acutio-

134 2826 243 2861 ribus
262 2826 485 2872 discrepans
504 2827 572 2861 sed
591 2827 805 2873 specimina
832 2825 1025 2861 nonnulla
1054 2825 1226 2860 antheris
1254 2823 1536 2868 nigricantibus
1564 2822 1707 2857 donata
1724 2823 1828 2854 tran-

135 2873 255 2908 situm
275 2873 445 2919 przebere
462 2873 652 2909 videntur.
672 2874 710 2910 S.
731 2873 978 2910 Palestinum
994 2883 1063 2919 pro
1083 2883 1160 2918 quo
1179 2882 1264 2907 eam
1284 2872 1333 2906 ol)
1352 2871 1464 2905 flores
1485 2869 1653 2916 pallidos
1678 2867 1825 2903 habue-

135 2929 219 2954 ram
239 2919 368 2955 differt
386 2920 604 2966 petalorum
623 2921 748 2956 forma
766 2923 802 2955 et
820 2930 990 2955 numero.

179 2983 234 3018 Ar·
269 2982 399 3029 Geoqr.
419 2983 612 3030 Helvetia,
629 2982 752 3029 Italia,
770 2983 981 3019 Germania
998 2980 1197 3027 australis,
1218 2980 1432 3026 Dalmatia,
1451 2979 1557 3025 regio
1576 2976 1826 3014 Danubialis.
