2045 3227
106 211 333 260 Trifolium.
819 217 1097 244 LEGUMINOSAE.
1738 202 1809 237 137

102 291 299 336 verticali
326 293 369 333 et
394 290 629 333 rliizomate
656 289 874 340 indurato,
901 288 1033 331 flores
1055 300 1140 330 non
1164 286 1421 341 resupinati,
1450 285 1604 327 dentes
1628 282 1810 337 calycini

100 351 357 406 superiores
382 350 574 392 subulati
607 360 686 391 nec
707 348 943 391 lanceolati.

160 426 204 480 β.
232 424 391 478 majus.
411 448 468 455 —
491 422 647 467 Caules
673 423 913 466 crassiores
950 422 1239 473 sublistulosi,
1264 420 1452 474 capitula
1475 422 1519 460 et
1549 417 1692 460 foliola
1721 430 1811 459 ma·

96 486 208 541 Jora.
237 483 441 526 Radicem
469 495 556 525 non
580 482 667 525 vidi
694 482 773 525 sed
797 482 1069 524 characteres
1096 481 1272 524 omnino
1296 479 1470 533 speciei.

149 558 249 594 Hah.
278 557 318 593 in
336 557 468 593 Persia
487 556 637 592 boreali
650 566 772 603 prope
790 554 956 591 Filadeh
974 554 1178 600 (Buhse!),
1197 553 1410 599 Affghania
1427 550 1596 597 (Gi-1112).

162 737 230 778 65.
263 734 319 777 Τ.
348 732 691 777 modestum
707 732 867 788 (Boiss.
887 732 1040 786 Diagn.
1064 731 1157 774 Ser.
1179 731 1211 781 I,
1229 732 1273 781 9,
1293 743 1330 783 p.
1353 729 1429 783 27)
1445 729 1645 782 glabrum
1671 728 1810 782 cespi-

101 797 259 846 tosum,
294 794 530 836 rhizomate
555 792 773 843 indurato,
789 792 986 837 caulibus
1006 791 1167 833 crassis
1187 790 1396 832 brevibus
1417 788 1534 831 liunii
1555 788 1810 841 repentibus

100 853 275 908 stipulis
301 856 345 895 et
364 851 534 906 petIOlis
561 852 747 894 vetustis
774 850 1020 907 squamosis
1055 850 1176 903 apice
1202 849 1411 900 foliiseris,
1442 847 1619 901 stipulis
1642 847 1810 888 lanceo-

101 913 213 962 latis‚
239 911 395 954 foliolis
420 912 569 966 parvis
600 910 850 954 nervulosis
875 909 1071 953 obovatis
1099 909 1165 951 vel
1191 905 1640 951 cuneato-obcordatis
1671 906 1812 947 denti-

99 972 270 1022 culatis,
288 970 546 1025 pedunculis
562 970 675 1012 foliis
695 969 1049 1024 snbaequilongis,
1067 968 1267 1022 capitulis
1290 965 1554 1025 paucissoris‚
1574 964 1808 1007 bracteolis

98 1031 294 1083 oblongis
330 1030 466 1072 acutis
495 1029 729 1084 pedicellos
758 1028 915 1071 breves
939 1026 1265 1082 superantibus,
1300 1026 1442 1079 calyce
1468 1023 1629 1066 corolla
1656 1026 1813 1066 carnea

101 1089 232 1143 duplo
257 1089 456 1132 breviore
480 1089 704 1131 fructifero
731 1088 862 1131 dorso
879 1087 1057 1141 gibboso
1078 1086 1228 1128 inflato
1251 1086 1419 1127 hirsuto
1438 1085 1574 1126 latere
1600 1083 1813 1125 exteriori

98 1148 262 1203 glabro,
290 1148 494 1191 dentibus
521 1148 723 1190 omnibus
745 1147 902 1189 erectis
924 1146 1027 1189 tubo
1052 1144 1329 1188 brevioribus
1362 1142 1668 1197 superioribus
1698 1141 1811 1183 binis

99 1207 315 1251 subulatis
340 1207 622 1250 inferioribus
646 1206 960 1262 sublatioribus
985 1203 1412 1247 lineari-lanceolatis
1451 1208 1512 1249 26.

147 1281 247 1316 Hab.
265 1281 306 1316 in
324 1281 434 1316 siccis
453 1281 624 1326 regionis
643 1279 788 1327 alpinae
804 1279 956 1319 Libani,
976 1277 1148 1315 Makmel
1163 1277 1219 1313 alt
1250 1276 1356 1312 8500‘
1375 1276 1525 1320 [Boissl
1545 1274 1592 1310 131
1610 1276 1618 1309 !
1638 1274 1711 1314 Ky.
1731 1284 1811 1309 exs.

99 1328 172 1365 296
185 1329 226 1374 !)‚
240 1329 280 1363 in
298 1328 568 1364 cacuminibus
587 1328 688 1363 inter
705 1328 866 1365 Dim-am
884 1330 922 1362 et
940 1326 1150 1370 Yamouny
1166 1324 1231 1370 (Bl
1244 1326 1279 1369 !).
1301 1324 1356 1359 ΕΙ.
1376 1323 1398 1358 J
1403 1323 1453 1358 ul.

130 1393 338 1430 ‚Rhizoma
351 1393 494 1429 durum
509 1403 711 1428 ramosum
730 1391 968 1438 cespitosum
986 1392 1031 1426 ut
1047 1390 1085 1425 in
1119 1389 1159 1425 T.
1173 1389 1375 1436 frayifero
1393 1388 1462 1424 sed
1482 1387 1618 1423 foliola
1636 1386 1810 1431 minima,

100 1440 271 1487 capitula
313 1441 528 1488 paucissora
557 1451 635 1476 non
667 1439 915 1475 involucrata
958 1438 1127 1473 breviter
1162 1436 1436 1483 pedunculata.
1476 1436 1505 1470 F
1509 1435 1610 1470 lores
1646 1434 1809 1478 magnit.

104 1487 148 1524 T.
176 1488 360 1525 tumentis
380 1489 443 1524 cui
467 1488 596 1534 magis
621 1487 736 1523 affine
754 1489 792 1523 et
808 1497 832 1522 a
849 1496 928 1533 quo
947 1485 1076 1521 differt
1091 1485 1350 1530 vegetatione,
1372 1482 1584 1518 bracteolis
1599 1491 1679 1516 non
1696 1481 1813 1516 obso-

101 1535 203 1581 letis,
229 1535 450 1582 pedunculo
469 1536 594 1580 brevi,
611 1537 680 1570 etc.

836 1695 855 1713 *
882 1694 900 1712 ²
926 1695 1081 1731 Annua.

156 1817 224 1858 66.
258 1816 312 1858 Τ.
339 1814 761 1869 resupinatum
788 1812 855 1868 (L.
880 1811 951 1866 Sp.
990 1811 1122 1865 1086)
1154 1809 1366 1864 glabrum.
1394 1808 1591 1850 caulibus
1629 1805 1801 1848 diffusis

96 1876 165 1917 vel
192 1874 542 1935 ascendentibus,
569 1873 744 1927 stipulis
773 1862 1114 1914 membranaceis
1136 1883 1160 1912 a
1176 1869 1271 1911 basi
1299 1868 1534 1910 lanceolata
1557 1867 1680 1919 longe
1704 1877 1804 1907 acu-

95 1935 282 1985 minatis,
311 1934 466 1976 foliolis
503 1932 704 1975 obovatis
740 1931 986 1978 serrulatis,
1032 1929 1287 1984 pedunculis
1332 1927 1482 1970 folium
1523 1924 1800 1979 aequantibus

98 1994 166 2036 vel
192 1994 319 2048 paulo
347 1992 673 2047 superantibus,
698 1991 898 2045 capitulis
921 1990 1096 2032 demum
1112 1988 1302 2042 globosis
1330 1986 1554 2028 involucro
1581 1984 1804 2026 rudImen-

97 2053 220 2105 tario,
246 2052 429 2095 floribus
457 2051 773 2094 subsessilibus
799 2049 1081 2103 resupinatis,
1109 2048 1251 2101 calyce
1269 2045 1429 2089 corolla
1459 2045 1682 2098 purpurea
1709 2043 1805 2083 2-3-

98 2112 166 2165 plo
192 2111 392 2154 breviore
415 2111 635 2153 fructifero
664 2110 796 2152 dorso
814 2108 962 2151 inflat-o
986 2108 1139 2150 villoso
1156 2107 1202 2148 in
1216 2117 1372 2148 conum
1398 2104 1517 2158 apice
1535 2101 1805 2144 divaricatim

97 2170 510 2213 subulato-bisetum
548 2172 747 2223 porrecto
803 2167 1007 2210 dentibus
1053 2165 1337 2209 inferIOribus
1388 2163 1530 2205 tribus
1577 2160 1806 2203 latioribus

97 2229 358 2282 lanceolatis,
392 2230 609 2283 legumine
646 2231 771 2271 ovat-0
813 2238 1065 2281 compresso
1105 2225 1281 2278 oblique
1320 2222 1624 2266 mucronulato
1651 2221 1712 2267 Θ.
1750 2219 1804 2260 Ic.

96 2286 260 2331 Gaertn.
285 2289 337 2338 [L
362 2289 445 2332 tab.
484 2289 580 2338 153,
607 2288 675 2342 fig.
705 2289 744 2330 6.
772 2311 827 2317 -
854 2287 897 2329 Τ.
924 2285 1101 2328 bicorne
1122 2284 1274 2327 Forsk.
1298 2283 1360 2324 Fl.
1390 2282 1462 2334 Eg.
1496 2282 1589 2322 139.

156 2363 198 2417 β.
223 2363 378 2417 majus.
405 2389 460 2395 —
488 2362 644 2406 Caules
668 2363 907 2405 crassiores
930 2360 1203 2403 manifestius
1227 2357 1428 2400 fistulosi.
1458 2354 1689 2409 pedunculi
1708 2354 1806 2395 solia

99 2423 268 2476 longius
303 2427 587 2478 superantes,
633 2423 763 2464 ssores
807 2422 1006 2475 majores,
1048 2419 1209 2462 'corolla
1246 2417 1426 2470 longior.
1468 2416 1509 2457 T.
1547 2412 1805 2456 sncweolcns

100 2481 245 2524 Willd.
269 2482 318 2524 H.
349 2483 488 2525 Berol.
515 2495 555 2536 p.
584 2485 628 2524 et
654 2481 739 2523 tab.
771 2481 877 2523 108!

157 2576 199 2615 y.
227 2555 388 2599 minus,
416 2582 475 2587 ——
495 2556 713 2599 Omnibus
752 2555 950 2609 partibus
981 2554 1138 2606 minus,
1181 2550 1413 2606 pedunculi
1448 2548 1712 2602 graciliores,
1741 2559 1808 2588 ca-

98 2617 349 2729 Ιέοἰὶηρειω
385 2616 534 2658 inflata
567 2616 711 2658 minus
734 2615 946 2668 elongata.
976 2613 1019 2656 T.
1046 2611 1184 2655 Clasiz·
1209 2610 1341 2652 Gren.
1367 2613 1410 2651 et
1437 2607 1567 2650 Godr.
1593 2606 1654 2649 Fl.
1674 2606 1744 2648 Fr.
1774 2605 1806 2658 I,

145 2748 354 2784 Hab.cu1n
373 2748 630 2783 varietatibus
664 2749 704 2783 in
730 2747 889 2794 pascuis
907 2746 1126 2793 praesertim
1152 2742 1405 2780 subhumidis
1434 2741 1554 2776 totius
1581 2739 1740 2774 ditionis
1766 2738 1806 2773 in

97 2797 255 2842 regione
268 2796 445 2831 inferiori
457 2797 494 2831 et
512 2796 552 2830 in
570 2797 802 2831 montanam
820 2794 1035 2830 ascendens
1055 2804 1077 2828 a
1095 2792 1266 2828 Graecia!
1285 2793 1321 2825 et
1339 2788 1572 2825 Macedonia
1589 2787 1639 2822 ad
1658 2786 1806 2832 AEgyp-

97 2844 201 2879 tuml
231 2854 338 2890 prov.
365 2843 740 2878 Transcaucasicas!
770 2841 1036 2887 Babyloniam
1063 2839 1294 2885 (Haussks),
1313 2837 1488 2872 Persium
1507 2834 1704 2870 borealem
1724 2843 1808 2868 ma-

99 2891 277 2926 ritimam
296 2890 446 2935 (Buhse
462 2892 499 2935 !).
526 2890 555 2925 F
558 2890 584 2926 l.
601 2901 692 2926 vere

97 2953 205 3034 AsAr.
225 2952 357 3036 thajoqr.
380 2953 530 3035 lInsulae
561 2954 756 2997 Azoricae,
790 2952 1074 2996 Canarienses,
1108 2949 1216 2995 regio
1250 2947 1532 2983 Mediterranea
1566 2945 1734 2990 Europze
1770 2946 1808 2978 et

150 3009 238 3036 ricae
286 3010 378 3037 orea
396 3010 440 3036 is.
