<?xml version="1.0" encoding="UTF-8"?>
<!DOCTYPE html PUBLIC "-//W3C//DTD XHTML 1.0 Transitional//EN"
    "http://www.w3.org/TR/xhtml1/DTD/xhtml1-transitional.dtd">
<html xmlns="http://www.w3.org/1999/xhtml" xml:lang="en" lang="en">
 <head>
  <title>
</title>
<meta http-equiv="Content-Type" content="text/html;charset=utf-8" />
  <meta name='ocr-system' content='tesseract 3.04.00' />
  <meta name='ocr-capabilities' content='ocr_page ocr_carea ocr_par ocr_line ocrx_word'/>
</head>
<body>
  <div class='ocr_page' id='page_1' title='image "./floraorientaliss02bois_0807.png"; bbox 0 0 2015 3227; ppageno 0'>
   <div class='ocr_carea' id='block_1_1' title="bbox 138 186 1823 226">
    <p class='ocr_par' dir='ltr' id='par_1_1' title="bbox 138 186 1823 226">
     <span class='ocr_line' id='line_1_1' title="bbox 138 186 1823 226; baseline 0.002 -4"><span class='ocrx_word' id='word_1_1' title='bbox 138 186 286 224; x_wconf 77' lang='lat' dir='ltr'>Vahlz&#39;a.</span> <span class='ocrx_word' id='word_1_2' title='bbox 806 196 1135 223; x_wconf 77' lang='lat' dir='ltr'>SAXIFRAGACEAE.</span> <span class='ocrx_word' id='word_1_3' title='bbox 1752 190 1823 226; x_wconf 87' lang='grc'>799</span> 
     </span>
    </p>
   </div>
   <div class='ocr_carea' id='block_1_2' title="bbox 122 286 1823 742">
    <p class='ocr_par' dir='ltr' id='par_1_2' title="bbox 122 286 1823 742">
     <span class='ocr_line' id='line_1_2' title="bbox 122 286 1821 343; baseline 0.002 -15"><span class='ocrx_word' id='word_1_4' title='bbox 122 287 193 329; x_wconf 90' lang='lat' dir='ltr'>vel</span> <span class='ocrx_word' id='word_1_5' title='bbox 213 286 344 338; x_wconf 83' lang='lat' dir='ltr'>nulla,</span> <span class='ocrx_word' id='word_1_6' title='bbox 369 287 575 341; x_wconf 81' lang='lat' dir='ltr'>perigyna</span> <span class='ocrx_word' id='word_1_7' title='bbox 599 286 742 328; x_wconf 83' lang='lat' dir='ltr'>rarius</span> <span class='ocrx_word' id='word_1_8' title='bbox 767 288 951 340; x_wconf 83' lang='lat' dir='ltr'>epigyna</span> <span class='ocrx_word' id='word_1_9' title='bbox 978 288 1045 329; x_wconf 91' lang='lat' dir='ltr'>vel</span> <span class='ocrx_word' id='word_1_10' title='bbox 1073 288 1299 342; x_wconf 82' lang='lat' dir='ltr'>hypogyna</span> <span class='ocrx_word' id='word_1_11' title='bbox 1339 288 1529 331; x_wconf 77' lang='lat' dir='ltr'>Stamina</span> <span class='ocrx_word' id='word_1_12' title='bbox 1556 291 1708 343; x_wconf 81' lang='lat' dir='ltr'>petalis</span> <span class='ocrx_word' id='word_1_13' title='bbox 1734 291 1821 332; x_wconf 92' lang='lat' dir='ltr'>iso-</span> 
     </span>
     <span class='ocr_line' id='line_1_3' title="bbox 123 344 1822 401; baseline 0.002 -14"><span class='ocrx_word' id='word_1_14' title='bbox 123 357 244 388; x_wconf 84' lang='lat' dir='ltr'>mera</span> <span class='ocrx_word' id='word_1_15' title='bbox 270 346 337 387; x_wconf 90' lang='lat' dir='ltr'>vel</span> <span class='ocrx_word' id='word_1_16' title='bbox 362 346 491 399; x_wconf 82' lang='lat' dir='ltr'>dupla</span> <span class='ocrx_word' id='word_1_17' title='bbox 514 358 609 388; x_wconf 89' lang='lat' dir='ltr'>cum</span> <span class='ocrx_word' id='word_1_18' title='bbox 634 344 786 399; x_wconf 78' lang='lat' dir='ltr'>petalis</span> <span class='ocrx_word' id='word_1_19' title='bbox 818 346 948 398; x_wconf 84' lang='lat' dir='ltr'>calyci</span> <span class='ocrx_word' id='word_1_20' title='bbox 975 346 1135 389; x_wconf 85' lang='lat' dir='ltr'>inserta</span> <span class='ocrx_word' id='word_1_21' title='bbox 1167 348 1234 388; x_wconf 87' lang='lat' dir='ltr'>vcl</span> <span class='ocrx_word' id='word_1_22' title='bbox 1264 348 1502 401; x_wconf 78' lang='lat' dir='ltr'>hypogyna,</span> <span class='ocrx_word' id='word_1_23' title='bbox 1532 349 1724 390; x_wconf 77' lang='lat' dir='ltr'>anthei-is</span> <span class='ocrx_word' id='word_1_24' title='bbox 1759 349 1822 390; x_wconf 91' lang='lat' dir='ltr'>in-</span> 
     </span>
     <span class='ocr_line' id='line_1_4' title="bbox 122 404 1819 458; baseline 0.002 -13"><span class='ocrx_word' id='word_1_25' title='bbox 122 405 293 447; x_wconf 76' lang='lat' dir='ltr'>troi-sis.</span> <span class='ocrx_word' id='word_1_26' title='bbox 319 405 476 447; x_wconf 87' lang='lat' dir='ltr'>Discus</span> <span class='ocrx_word' id='word_1_27' title='bbox 499 405 712 458; x_wconf 80' lang='lat' dir='ltr'>cpigynus</span> <span class='ocrx_word' id='word_1_28' title='bbox 738 404 806 446; x_wconf 89' lang='lat' dir='ltr'>vel</span> <span class='ocrx_word' id='word_1_29' title='bbox 828 405 1085 458; x_wconf 82' lang='lat' dir='ltr'>hypogynus</span> <span class='ocrx_word' id='word_1_30' title='bbox 1113 406 1333 448; x_wconf 82' lang='lat' dir='ltr'>interdum</span> <span class='ocrx_word' id='word_1_31' title='bbox 1358 406 1592 449; x_wconf 76' lang='lat' dir='ltr'>obsoletus.</span> <span class='ocrx_word' id='word_1_32' title='bbox 1612 406 1819 450; x_wconf 60' lang='lat' dir='ltr'>Ovili-ium</span> 
     </span>
     <span class='ocr_line' id='line_1_5' title="bbox 124 462 1822 518; baseline 0.004 -15"><span class='ocrx_word' id='word_1_33' title='bbox 124 463 310 506; x_wconf 85' lang='lat' dir='ltr'>liberum</span> <span class='ocrx_word' id='word_1_34' title='bbox 337 463 405 505; x_wconf 70' lang='lat' dir='ltr'>vol</span> <span class='ocrx_word' id='word_1_35' title='bbox 432 463 588 516; x_wconf 83' lang='lat' dir='ltr'>calycis</span> <span class='ocrx_word' id='word_1_36' title='bbox 607 462 709 505; x_wconf 84' lang='lat' dir='ltr'>tubo</span> <span class='ocrx_word' id='word_1_37' title='bbox 728 463 826 517; x_wconf 85' lang='lat' dir='ltr'>plus</span> <span class='ocrx_word' id='word_1_38' title='bbox 853 465 996 505; x_wconf 82' lang='lat' dir='ltr'>mimis</span> <span class='ocrx_word' id='word_1_39' title='bbox 1025 464 1245 517; x_wconf 74' lang='lat' dir='ltr'>adflatum,</span> <span class='ocrx_word' id='word_1_40' title='bbox 1271 465 1471 518; x_wconf 78' lang='lat' dir='ltr'>carpellis</span> <span class='ocrx_word' id='word_1_41' title='bbox 1497 466 1690 508; x_wconf 80' lang='lat' dir='ltr'>connatis</span> <span class='ocrx_word' id='word_1_42' title='bbox 1709 467 1822 509; x_wconf 88' lang='lat' dir='ltr'>binis</span> 
     </span>
     <span class='ocr_line' id='line_1_6' title="bbox 124 521 1823 577; baseline 0.001 -13"><span class='ocrx_word' id='word_1_43' title='bbox 124 523 269 564; x_wconf 85' lang='lat' dir='ltr'>rarius</span> <span class='ocrx_word' id='word_1_44' title='bbox 291 523 362 564; x_wconf 81' lang='lat'>3-5</span> <span class='ocrx_word' id='word_1_45' title='bbox 382 527 599 569; x_wconf 79' lang='lat' dir='ltr'>constans,</span> <span class='ocrx_word' id='word_1_46' title='bbox 623 521 857 564; x_wconf 81' lang='lat' dir='ltr'>biloculare</span> <span class='ocrx_word' id='word_1_47' title='bbox 876 523 1020 565; x_wconf 84' lang='lat' dir='ltr'>rarius</span> <span class='ocrx_word' id='word_1_48' title='bbox 1052 523 1395 571; x_wconf 77' lang='lat' dir='ltr'>1-3-5-loculare‚</span> <span class='ocrx_word' id='word_1_49' title='bbox 1427 526 1632 577; x_wconf 72' lang='lat' dir='ltr'>placentis</span> <span class='ocrx_word' id='word_1_50' title='bbox 1656 530 1823 566; x_wconf 78' lang='lat' dir='ltr'>contra-</span> 
     </span>
     <span class='ocr_line' id='line_1_7' title="bbox 127 580 1819 636; baseline 0.001 -14"><span class='ocrx_word' id='word_1_51' title='bbox 127 580 253 632; x_wconf 86' lang='lat' dir='ltr'>libus,</span> <span class='ocrx_word' id='word_1_52' title='bbox 279 581 325 623; x_wconf 88' lang='lat' dir='ltr'>in</span> <span class='ocrx_word' id='word_1_53' title='bbox 353 580 606 624; x_wconf 86' lang='lat' dir='ltr'>uniloculari</span> <span class='ocrx_word' id='word_1_54' title='bbox 632 581 927 634; x_wconf 82' lang='lat' dir='ltr'>parietalibus,</span> <span class='ocrx_word' id='word_1_55' title='bbox 951 580 1092 623; x_wconf 84' lang='lat' dir='ltr'>ovulis</span> <span class='ocrx_word' id='word_1_56' title='bbox 1115 583 1348 635; x_wconf 84' lang='lat' dir='ltr'>anatropis.</span> <span class='ocrx_word' id='word_1_57' title='bbox 1377 582 1485 636; x_wconf 83' lang='lat' dir='ltr'>Styli</span> <span class='ocrx_word' id='word_1_58' title='bbox 1510 582 1534 623; x_wconf 65' lang='lat'>⁰2</span> <span class='ocrx_word' id='word_1_59' title='bbox 1563 584 1707 626; x_wconf 71' lang='lat' dir='ltr'>rarius</span> <span class='ocrx_word' id='word_1_60' title='bbox 1733 586 1819 626; x_wconf 75' lang='lat'>:3-5.</span> 
     </span>
     <span class='ocr_line' id='line_1_8' title="bbox 124 639 1822 694; baseline 0.002 -13"><span class='ocrx_word' id='word_1_61' title='bbox 124 639 310 682; x_wconf 79' lang='lat' dir='ltr'><strong>Fructus</strong></span> <span class='ocrx_word' id='word_1_62' title='bbox 335 640 573 694; x_wconf 81' lang='lat' dir='ltr'>capsularis</span> <span class='ocrx_word' id='word_1_63' title='bbox 600 639 744 682; x_wconf 78' lang='lat' dir='ltr'>rarius</span> <span class='ocrx_word' id='word_1_64' title='bbox 771 640 985 688; x_wconf 81' lang='lat' dir='ltr'>baccatus,</span> <span class='ocrx_word' id='word_1_65' title='bbox 1009 640 1172 681; x_wconf 84' lang='lat' dir='ltr'>semina</span> <span class='ocrx_word' id='word_1_66' title='bbox 1198 641 1478 684; x_wconf 79' lang='lat' dir='ltr'>albuminosa.</span> <span class='ocrx_word' id='word_1_67' title='bbox 1502 667 1558 671; x_wconf 92' lang='lat'>——</span> <span class='ocrx_word' id='word_1_68' title='bbox 1578 642 1732 684; x_wconf 79' lang='lat' dir='ltr'>Herbae</span> <span class='ocrx_word' id='word_1_69' title='bbox 1756 656 1822 684; x_wconf 78' lang='lat' dir='ltr'>ra-</span> 
     </span>
     <span class='ocr_line' id='line_1_9' title="bbox 130 698 435 742; baseline 0.003 -3"><span class='ocrx_word' id='word_1_70' title='bbox 130 698 225 741; x_wconf 82' lang='lat' dir='ltr'>rius</span> <span class='ocrx_word' id='word_1_71' title='bbox 243 700 435 742; x_wconf 81' lang='lat' dir='ltr'><strong>frutices.</strong></span> 
     </span>
    </p>
   </div>
   <div class='ocr_carea' id='block_1_3' title="bbox 126 871 1824 987">
    <p class='ocr_par' dir='ltr' id='par_1_3' title="bbox 126 871 1824 987">
     <span class='ocr_line' id='line_1_10' title="bbox 126 871 1824 931; baseline 0.004 -18"><span class='ocrx_word' id='word_1_72' title='bbox 126 871 204 915; x_wconf 68' lang='lat' dir='ltr'>Ta.</span> <span class='ocrx_word' id='word_1_73' title='bbox 233 873 266 915; x_wconf 96' lang='grc' dir='ltr'>Ι.</span> <span class='ocrx_word' id='word_1_74' title='bbox 305 874 701 917; x_wconf 87' lang='lat' dir='ltr'><strong>SAXIFRAGEAE.</strong></span> <span class='ocrx_word' id='word_1_75' title='bbox 719 888 800 917; x_wconf 73' lang='lat' dir='ltr'>Dc.</span> <span class='ocrx_word' id='word_1_76' title='bbox 816 875 893 917; x_wconf 90' lang='lat' dir='ltr'>loc.</span> <span class='ocrx_word' id='word_1_77' title='bbox 915 874 1230 917; x_wconf 84' lang='lat' dir='ltr'>cit.—Herbae.</span> <span class='ocrx_word' id='word_1_78' title='bbox 1250 875 1366 918; x_wconf 87' lang='lat' dir='ltr'>Folia</span> <span class='ocrx_word' id='word_1_79' title='bbox 1385 876 1646 930; x_wconf 80' lang='lat' dir='ltr'>exstipulata</span> <span class='ocrx_word' id='word_1_80' title='bbox 1664 879 1824 931; x_wconf 78' lang='lat' dir='ltr'>saepius</span> 
     </span>
     <span class='ocr_line' id='line_1_11' title="bbox 304 933 978 987; baseline 0.001 -12"><span class='ocrx_word' id='word_1_81' title='bbox 304 934 470 975; x_wconf 82' lang='lat' dir='ltr'>alterna</span> <span class='ocrx_word' id='word_1_82' title='bbox 511 933 697 976; x_wconf 81' lang='lat' dir='ltr'>Fructus</span> <span class='ocrx_word' id='word_1_83' title='bbox 723 933 978 987; x_wconf 85' lang='lat' dir='ltr'>capsularis.</span> 
     </span>
    </p>
   </div>
   <div class='ocr_carea' id='block_1_4' title="bbox 558 1111 1398 1172">
    <p class='ocr_par' dir='ltr' id='par_1_4' title="bbox 558 1111 1398 1172">
     <span class='ocr_line' id='line_1_12' title="bbox 558 1111 1398 1172; baseline 0.004 -14"><span class='ocrx_word' id='word_1_84' title='bbox 558 1111 741 1159; x_wconf 76' lang='lat' dir='ltr'>VAllLlA</span> <span class='ocrx_word' id='word_1_85' title='bbox 764 1112 943 1172; x_wconf 73' lang='lat' dir='ltr'>(Timui).</span> <span class='ocrx_word' id='word_1_86' title='bbox 971 1112 1069 1160; x_wconf 76' lang='lat' dir='ltr'>Gen.</span> <span class='ocrx_word' id='word_1_87' title='bbox 1098 1113 1193 1160; x_wconf 79' lang='lat' dir='ltr'>Nov,</span> <span class='ocrx_word' id='word_1_88' title='bbox 1225 1113 1279 1169; x_wconf 89' lang='grc' dir='ltr'>ΙΙ,</span> <span class='ocrx_word' id='word_1_89' title='bbox 1305 1113 1398 1171; x_wconf 80' lang='grc'>36).</span> 
     </span>
    </p>
   </div>
   <div class='ocr_carea' id='block_1_5' title="bbox 128 1224 1830 1460">
    <p class='ocr_par' dir='ltr' id='par_1_5' title="bbox 128 1224 1830 1460">
     <span class='ocr_line' id='line_1_13' title="bbox 189 1224 1828 1280; baseline 0.003 -13"><span class='ocrx_word' id='word_1_90' title='bbox 189 1224 355 1279; x_wconf 84' lang='lat' dir='ltr'>Calycis</span> <span class='ocrx_word' id='word_1_91' title='bbox 383 1226 516 1269; x_wconf 81' lang='lat' dir='ltr'>tubus</span> <span class='ocrx_word' id='word_1_92' title='bbox 544 1226 901 1280; x_wconf 83' lang='lat' dir='ltr'>hemisphaericus</span> <span class='ocrx_word' id='word_1_93' title='bbox 942 1227 1090 1269; x_wconf 83' lang='lat' dir='ltr'>ovario</span> <span class='ocrx_word' id='word_1_94' title='bbox 1120 1227 1319 1280; x_wconf 81' lang='lat' dir='ltr'>adnatus,</span> <span class='ocrx_word' id='word_1_95' title='bbox 1346 1227 1502 1270; x_wconf 82' lang='lat' dir='ltr'>limbus</span> <span class='ocrx_word' id='word_1_96' title='bbox 1531 1229 1717 1271; x_wconf 83' lang='lat' dir='ltr'>5-lobns.</span> <span class='ocrx_word' id='word_1_97' title='bbox 1750 1230 1828 1272; x_wconf 93' lang='lat' dir='ltr'>Pe-</span> 
     </span>
     <span class='ocr_line' id='line_1_14' title="bbox 128 1282 1826 1339; baseline 0.003 -13"><span class='ocrx_word' id='word_1_98' title='bbox 128 1284 212 1326; x_wconf 84' lang='lat' dir='ltr'>tala</span> <span class='ocrx_word' id='word_1_99' title='bbox 239 1282 278 1327; x_wconf 87' lang='lat'>5.</span> <span class='ocrx_word' id='word_1_100' title='bbox 303 1284 496 1327; x_wconf 81' lang='lat' dir='ltr'>Stamina</span> <span class='ocrx_word' id='word_1_101' title='bbox 520 1287 542 1327; x_wconf 82' lang='lat'>5</span> <span class='ocrx_word' id='word_1_102' title='bbox 571 1286 763 1339; x_wconf 75' lang='lat' dir='ltr'>margine</span> <span class='ocrx_word' id='word_1_103' title='bbox 791 1286 901 1328; x_wconf 90' lang='lat' dir='ltr'>disci</span> <span class='ocrx_word' id='word_1_104' title='bbox 926 1286 1099 1339; x_wconf 80' lang='lat' dir='ltr'>epigyni</span> <span class='ocrx_word' id='word_1_105' title='bbox 1116 1286 1296 1328; x_wconf 84' lang='lat' dir='ltr'>inserta.</span> <span class='ocrx_word' id='word_1_106' title='bbox 1328 1287 1534 1329; x_wconf 82' lang='lat' dir='ltr'>Ovarium</span> <span class='ocrx_word' id='word_1_107' title='bbox 1561 1288 1826 1331; x_wconf 86' lang='lat' dir='ltr'>uniloculare</span> 
     </span>
     <span class='ocr_line' id='line_1_15' title="bbox 128 1343 1828 1401; baseline 0.004 -17"><span class='ocrx_word' id='word_1_108' title='bbox 128 1343 256 1397; x_wconf 82' lang='lat' dir='ltr'>stylis</span> <span class='ocrx_word' id='word_1_109' title='bbox 296 1344 334 1396; x_wconf 71' lang='lat'>2,</span> <span class='ocrx_word' id='word_1_110' title='bbox 371 1344 645 1397; x_wconf 74' lang='lat' dir='ltr'>stigmatibus</span> <span class='ocrx_word' id='word_1_111' title='bbox 688 1344 955 1398; x_wconf 81' lang='lat' dir='ltr'>capitellatis.</span> <span class='ocrx_word' id='word_1_112' title='bbox 995 1344 1178 1398; x_wconf 75' lang='lat' dir='ltr'>Capsula</span> <span class='ocrx_word' id='word_1_113' title='bbox 1212 1345 1350 1387; x_wconf 77' lang='lat' dir='ltr'>infera</span> <span class='ocrx_word' id='word_1_114' title='bbox 1387 1346 1645 1398; x_wconf 77' lang='lat' dir='ltr'>subglobosa</span> <span class='ocrx_word' id='word_1_115' title='bbox 1671 1348 1828 1401; x_wconf 77' lang='lat' dir='ltr'>calycis</span> 
     </span>
     <span class='ocr_line' id='line_1_16' title="bbox 129 1402 1830 1460; baseline 0.003 -16"><span class='ocrx_word' id='word_1_116' title='bbox 129 1402 239 1445; x_wconf 83' lang='lat' dir='ltr'>iobis</span> <span class='ocrx_word' id='word_1_117' title='bbox 267 1406 468 1446; x_wconf 78' lang='lat' dir='ltr'>coronata</span> <span class='ocrx_word' id='word_1_118' title='bbox 507 1403 626 1457; x_wconf 81' lang='lat' dir='ltr'>apice</span> <span class='ocrx_word' id='word_1_119' title='bbox 663 1403 862 1446; x_wconf 83' lang='lat' dir='ltr'>bivalvis.</span> <span class='ocrx_word' id='word_1_120' title='bbox 902 1404 1321 1458; x_wconf 78' lang='lat' dir='ltr'>Semina·plaoentis</span> <span class='ocrx_word' id='word_1_121' title='bbox 1358 1405 1591 1447; x_wconf 82' lang='lat' dir='ltr'>lamellosis</span> <span class='ocrx_word' id='word_1_122' title='bbox 1626 1407 1677 1448; x_wconf 87' lang='lat' dir='ltr'>ab</span> <span class='ocrx_word' id='word_1_123' title='bbox 1710 1407 1830 1460; x_wconf 82' lang='lat' dir='ltr'>apice</span> 
     </span>
    </p>
   </div>
   <div class='ocr_carea' id='block_1_6' title="bbox 127 1459 1828 1576">
    <p class='ocr_par' dir='ltr' id='par_1_6' title="bbox 127 1459 1828 1576">
     <span class='ocr_line' id='line_1_17' title="bbox 129 1459 1828 1517; baseline 0.004 -15"><span class='ocrx_word' id='word_1_124' title='bbox 129 1459 259 1504; x_wconf 89' lang='lat' dir='ltr'>loculi</span> <span class='ocrx_word' id='word_1_125' title='bbox 287 1462 488 1512; x_wconf 87' lang='lat' dir='ltr'>pendulis</span> <span class='ocrx_word' id='word_1_126' title='bbox 521 1463 698 1505; x_wconf 84' lang='lat' dir='ltr'>inserta.</span> <span class='ocrx_word' id='word_1_127' title='bbox 730 1487 783 1492; x_wconf 97' lang='lat'><strong>—</strong></span> <span class='ocrx_word' id='word_1_128' title='bbox 812 1462 968 1505; x_wconf 83' lang='lat' dir='ltr'>Herbae</span> <span class='ocrx_word' id='word_1_129' title='bbox 989 1475 1145 1506; x_wconf 87' lang='lat' dir='ltr'>annuae</span> <span class='ocrx_word' id='word_1_130' title='bbox 1167 1467 1323 1505; x_wconf 78' lang='lat' dir='ltr'>erectae</span> <span class='ocrx_word' id='word_1_131' title='bbox 1349 1463 1622 1517; x_wconf 79' lang='lat' dir='ltr'>sulm-opicae..</span> <span class='ocrx_word' id='word_1_132' title='bbox 1646 1466 1828 1508; x_wconf 83' lang='lat' dir='ltr'>floribus</span> 
     </span>
     <span class='ocr_line' id='line_1_18' title="bbox 127 1519 692 1576; baseline 0.005 -16"><span class='ocrx_word' id='word_1_133' title='bbox 127 1519 299 1575; x_wconf 81' lang='lat' dir='ltr'>albidis,</span> <span class='ocrx_word' id='word_1_134' title='bbox 327 1521 441 1564; x_wconf 81' lang='lat' dir='ltr'>foliis</span> <span class='ocrx_word' id='word_1_135' title='bbox 466 1522 692 1576; x_wconf 88' lang='lat' dir='ltr'>oppositis.</span> 
     </span>
    </p>
   </div>
   <div class='ocr_carea' id='block_1_7' title="bbox 129 1678 1832 1970">
    <p class='ocr_par' dir='ltr' id='par_1_7' title="bbox 129 1678 1832 1970">
     <span class='ocr_line' id='line_1_19' title="bbox 195 1678 1832 1734; baseline -0.001 -11"><span class='ocrx_word' id='word_1_136' title='bbox 195 1682 229 1723; x_wconf 88' lang='lat'>1.</span> <span class='ocrx_word' id='word_1_137' title='bbox 263 1680 323 1723; x_wconf 91' lang='lat' dir='ltr'>V.</span> <span class='ocrx_word' id='word_1_138' title='bbox 350 1678 647 1724; x_wconf 82' lang='lat' dir='ltr'>Weldenii</span> <span class='ocrx_word' id='word_1_139' title='bbox 674 1679 831 1734; x_wconf 64' lang='lat' dir='ltr'>(Rem).</span> <span class='ocrx_word' id='word_1_140' title='bbox 859 1679 978 1721; x_wconf 81' lang='lat' dir='ltr'>Hort.</span> <span class='ocrx_word' id='word_1_141' title='bbox 1001 1678 1094 1721; x_wconf 85' lang='lat' dir='ltr'>Bot.</span> <span class='ocrx_word' id='word_1_142' title='bbox 1124 1680 1208 1721; x_wconf 88' lang='lat' dir='ltr'>tab.</span> <span class='ocrx_word' id='word_1_143' title='bbox 1233 1679 1308 1733; x_wconf 81' lang='lat'>91)</span> <span class='ocrx_word' id='word_1_144' title='bbox 1332 1679 1513 1731; x_wconf 79' lang='lat' dir='ltr'>viscosa,</span> <span class='ocrx_word' id='word_1_145' title='bbox 1538 1680 1732 1722; x_wconf 82' lang='lat' dir='ltr'>caulibus</span> <span class='ocrx_word' id='word_1_146' title='bbox 1757 1693 1832 1734; x_wconf 89' lang='lat' dir='ltr'>op-</span> 
     </span>
     <span class='ocr_line' id='line_1_20' title="bbox 132 1738 1830 1794; baseline 0 -12"><span class='ocrx_word' id='word_1_147' title='bbox 132 1742 272 1794; x_wconf 83' lang='lat' dir='ltr'>posite</span> <span class='ocrx_word' id='word_1_148' title='bbox 294 1743 338 1782; x_wconf 85' lang='lat' dir='ltr'>et</span> <span class='ocrx_word' id='word_1_149' title='bbox 364 1739 604 1781; x_wconf 75' lang='lat' dir='ltr'>dichotome</span> <span class='ocrx_word' id='word_1_150' title='bbox 630 1738 955 1791; x_wconf 75' lang='lat' dir='ltr'>ramosissimis,</span> <span class='ocrx_word' id='word_1_151' title='bbox 988 1738 1100 1780; x_wconf 83' lang='lat' dir='ltr'>foliis</span> <span class='ocrx_word' id='word_1_152' title='bbox 1131 1738 1359 1781; x_wconf 83' lang='lat' dir='ltr'>sessilibus</span> <span class='ocrx_word' id='word_1_153' title='bbox 1391 1739 1528 1780; x_wconf 81' lang='lat' dir='ltr'>acutis</span> <span class='ocrx_word' id='word_1_154' title='bbox 1552 1740 1830 1782; x_wconf 77' lang='lat' dir='ltr'>insorioribns</span> 
     </span>
     <span class='ocr_line' id='line_1_21' title="bbox 129 1797 1828 1853; baseline 0 -13"><span class='ocrx_word' id='word_1_155' title='bbox 129 1798 581 1853; x_wconf 83' lang='lat' dir='ltr'>oblongo—lanceolatis</span> <span class='ocrx_word' id='word_1_156' title='bbox 608 1798 776 1840; x_wconf 58' lang='lat' dir='ltr'>caeteris</span> <span class='ocrx_word' id='word_1_157' title='bbox 803 1798 955 1850; x_wconf 83' lang='lat' dir='ltr'>ovatis,</span> <span class='ocrx_word' id='word_1_158' title='bbox 983 1797 1166 1840; x_wconf 86' lang='lat' dir='ltr'>floribus</span> <span class='ocrx_word' id='word_1_159' title='bbox 1193 1798 1444 1840; x_wconf 79' lang='lat' dir='ltr'>axillaribus</span> <span class='ocrx_word' id='word_1_160' title='bbox 1471 1797 1728 1839; x_wconf 88' lang='lat' dir='ltr'>brevissime</span> <span class='ocrx_word' id='word_1_161' title='bbox 1756 1811 1828 1852; x_wconf 90' lang='lat' dir='ltr'>pe-</span> 
     </span>
     <span class='ocr_line' id='line_1_22' title="bbox 129 1857 1830 1911; baseline 0 -12"><span class='ocrx_word' id='word_1_162' title='bbox 129 1857 377 1902; x_wconf 81' lang='lat' dir='ltr'>dunculatis</span> <span class='ocrx_word' id='word_1_163' title='bbox 404 1857 624 1909; x_wconf 76' lang='lat' dir='ltr'>solitariis,</span> <span class='ocrx_word' id='word_1_164' title='bbox 643 1857 797 1911; x_wconf 82' lang='lat' dir='ltr'>petalis</span> <span class='ocrx_word' id='word_1_165' title='bbox 821 1857 960 1898; x_wconf 82' lang='lat' dir='ltr'>ovatis</span> <span class='ocrx_word' id='word_1_166' title='bbox 984 1857 1120 1899; x_wconf 83' lang='lat' dir='ltr'>acutis</span> <span class='ocrx_word' id='word_1_167' title='bbox 1147 1857 1302 1906; x_wconf 76' lang='lat' dir='ltr'>calvcis</span> <span class='ocrx_word' id='word_1_168' title='bbox 1326 1857 1435 1899; x_wconf 84' lang='lat' dir='ltr'>iobis</span> <span class='ocrx_word' id='word_1_169' title='bbox 1462 1857 1830 1910; x_wconf 80' lang='lat' dir='ltr'>triangulari-lan-</span> 
     </span>
     <span class='ocr_line' id='line_1_23' title="bbox 129 1915 1831 1970; baseline 0 -12"><span class='ocrx_word' id='word_1_170' title='bbox 129 1917 306 1960; x_wconf 86' lang='lat' dir='ltr'>ceolatis</span> <span class='ocrx_word' id='word_1_171' title='bbox 354 1917 428 1959; x_wconf 85' lang='lat' dir='ltr'>vix</span> <span class='ocrx_word' id='word_1_172' title='bbox 483 1915 775 1967; x_wconf 84' lang='lat' dir='ltr'>brevioribus,</span> <span class='ocrx_word' id='word_1_173' title='bbox 830 1915 1061 1957; x_wconf 84' lang='lat' dir='ltr'>filamentis</span> <span class='ocrx_word' id='word_1_174' title='bbox 1119 1916 1328 1968; x_wconf 81' lang='lat' dir='ltr'>elongatis</span> <span class='ocrx_word' id='word_1_175' title='bbox 1379 1916 1559 1958; x_wconf 79' lang='lat' dir='ltr'>hirsutis</span> <span class='ocrx_word' id='word_1_176' title='bbox 1618 1916 1831 1970; x_wconf 78' lang='lat' dir='ltr'>stylisque</span> 
     </span>
    </p>
   </div>
   <div class='ocr_carea' id='block_1_8' title="bbox 131 1973 1833 2089">
    <p class='ocr_par' dir='ltr' id='par_1_8' title="bbox 131 1973 1833 2089">
     <span class='ocr_line' id='line_1_24' title="bbox 131 1973 1833 2077; baseline 0.001 -60"><span class='ocrx_word' id='word_1_177' title='bbox 131 1976 319 2077; x_wconf 38' lang='lat' dir='ltr'>exsertis</span> <span class='ocrx_word' id='word_1_178' title='bbox 356 1981 403 2027; x_wconf 73' lang='lat' dir='ltr'>Q&gt;</span> <span class='ocrx_word' id='word_1_179' title='bbox 435 1975 617 2018; x_wconf 71' lang='lat' dir='ltr'>Bistella</span> <span class='ocrx_word' id='word_1_180' title='bbox 635 1973 914 2028; x_wconf 65' lang='lat' dir='ltr'>geminiflora</span> <span class='ocrx_word' id='word_1_181' title='bbox 941 1973 1057 2017; x_wconf 78' lang='lat' dir='ltr'>Cain.</span> <span class='ocrx_word' id='word_1_182' title='bbox 1087 1983 1129 2018; x_wconf 85' lang='lat' dir='ltr'>et</span> <span class='ocrx_word' id='word_1_183' title='bbox 1153 1974 1244 2017; x_wconf 90' lang='lat' dir='ltr'>Del.</span> <span class='ocrx_word' id='word_1_184' title='bbox 1277 1975 1331 2029; x_wconf 87' lang='lat' dir='ltr'>pl.</span> <span class='ocrx_word' id='word_1_185' title='bbox 1370 1974 1459 2016; x_wconf 82' lang='lat' dir='ltr'>Afr.</span> <span class='ocrx_word' id='word_1_186' title='bbox 1493 1987 1520 2028; x_wconf 87' lang='lat' dir='ltr'>p</span> <span class='ocrx_word' id='word_1_187' title='bbox 1550 1976 1617 2027; x_wconf 82' lang='lat'>97,</span> <span class='ocrx_word' id='word_1_188' title='bbox 1651 1975 1733 2016; x_wconf 80' lang='lat' dir='ltr'>tab.</span> <span class='ocrx_word' id='word_1_189' title='bbox 1763 1975 1833 2020; x_wconf 81' lang='lat'>63.</span> 
     </span>
     <span class='ocr_line' id='line_1_25' title="bbox 153 2047 274 2089; baseline 0 -13"><span class='ocrx_word' id='word_1_190' title='bbox 153 2047 206 2089; x_wconf 84' lang='lat' dir='ltr'>ig.</span> <span class='ocrx_word' id='word_1_191' title='bbox 267 2069 274 2076; x_wconf 96' lang='lat'>.</span> 
     </span>
    </p>
   </div>
   <div class='ocr_carea' id='block_1_9' title="bbox 131 2107 1834 2332">
    <p class='ocr_par' dir='ltr' id='par_1_9' title="bbox 131 2107 1834 2201">
     <span class='ocr_line' id='line_1_26' title="bbox 181 2107 1833 2155; baseline -0.001 -11"><span class='ocrx_word' id='word_1_192' title='bbox 181 2108 270 2144; x_wconf 85' lang='lat' dir='ltr'>Hab</span> <span class='ocrx_word' id='word_1_193' title='bbox 299 2109 339 2143; x_wconf 88' lang='lat' dir='ltr'>in</span> <span class='ocrx_word' id='word_1_194' title='bbox 359 2108 532 2143; x_wconf 84' lang='lat' dir='ltr'>arenosis</span> <span class='ocrx_word' id='word_1_195' title='bbox 554 2107 716 2155; x_wconf 80' lang='lat' dir='ltr'>AEgypti</span> <span class='ocrx_word' id='word_1_196' title='bbox 730 2108 943 2155; x_wconf 83' lang='lat' dir='ltr'>superioris</span> <span class='ocrx_word' id='word_1_197' title='bbox 958 2108 1008 2143; x_wconf 83' lang='lat' dir='ltr'>ad</span> <span class='ocrx_word' id='word_1_198' title='bbox 1024 2108 1158 2143; x_wconf 87' lang='lat' dir='ltr'>Nilum</span> <span class='ocrx_word' id='word_1_199' title='bbox 1173 2118 1292 2154; x_wconf 80' lang='lat' dir='ltr'>propo</span> <span class='ocrx_word' id='word_1_200' title='bbox 1310 2107 1478 2151; x_wconf 63' lang='lat' dir='ltr'>Syenem</span> <span class='ocrx_word' id='word_1_201' title='bbox 1493 2107 1598 2145; x_wconf 77' lang='lat' dir='ltr'>(Del.</span> <span class='ocrx_word' id='word_1_202' title='bbox 1618 2107 1766 2151; x_wconf 71' lang='lat' dir='ltr'>Boissl),</span> <span class='ocrx_word' id='word_1_203' title='bbox 1787 2107 1833 2142; x_wconf 87' lang='lat' dir='ltr'>ad</span> 
     </span>
     <span class='ocr_line' id='line_1_27' title="bbox 131 2154 1834 2201; baseline -0.001 -10"><span class='ocrx_word' id='word_1_204' title='bbox 131 2156 305 2191; x_wconf 82' lang='lat' dir='ltr'>Selseleh</span> <span class='ocrx_word' id='word_1_205' title='bbox 326 2154 528 2201; x_wconf 83' lang='lat' dir='ltr'>(Kraliki),</span> <span class='ocrx_word' id='word_1_206' title='bbox 546 2156 586 2190; x_wconf 92' lang='lat' dir='ltr'>in</span> <span class='ocrx_word' id='word_1_207' title='bbox 606 2156 723 2192; x_wconf 85' lang='lat' dir='ltr'>cultis</span> <span class='ocrx_word' id='word_1_208' title='bbox 744 2155 975 2201; x_wconf 75' lang='lat' dir='ltr'>Babyloniae</span> <span class='ocrx_word' id='word_1_209' title='bbox 988 2156 1038 2190; x_wconf 87' lang='lat' dir='ltr'>ad</span> <span class='ocrx_word' id='word_1_210' title='bbox 1050 2154 1213 2200; x_wconf 73' lang='lat' dir='ltr'>Bagdad</span> <span class='ocrx_word' id='word_1_211' title='bbox 1232 2155 1376 2198; x_wconf 59' lang='lat' dir='ltr'>(Nom),</span> <span class='ocrx_word' id='word_1_212' title='bbox 1396 2154 1621 2189; x_wconf 65' lang='lat' dir='ltr'>Belutscbia</span> <span class='ocrx_word' id='word_1_213' title='bbox 1640 2154 1834 2199; x_wconf 72' lang='lat' dir='ltr'>(JStocksl).</span> 
     </span>
    </p>

    <p class='ocr_par' dir='ltr' id='par_1_10' title="bbox 179 2220 1035 2269">
     <span class='ocr_line' id='line_1_28' title="bbox 179 2220 1035 2269; baseline -0.001 -11"><span class='ocrx_word' id='word_1_214' title='bbox 179 2222 321 2258; x_wconf 82' lang='lat' dir='ltr'>Planta</span> <span class='ocrx_word' id='word_1_215' title='bbox 338 2220 632 2268; x_wconf 81' lang='lat' dir='ltr'>3-4-pollicaris,</span> <span class='ocrx_word' id='word_1_216' title='bbox 652 2222 849 2258; x_wconf 87' lang='lat' dir='ltr'>interdum</span> <span class='ocrx_word' id='word_1_217' title='bbox 873 2221 1035 2269; x_wconf 81' lang='lat' dir='ltr'>pedalis.</span> 
     </span>
    </p>

    <p class='ocr_par' dir='ltr' id='par_1_11' title="bbox 179 2285 1418 2332">
     <span class='ocr_line' id='line_1_29' title="bbox 179 2285 1418 2332; baseline -0.002 -11"><span class='ocrx_word' id='word_1_218' title='bbox 179 2286 242 2321; x_wconf 86' lang='lat' dir='ltr'>Ar.</span> <span class='ocrx_word' id='word_1_219' title='bbox 270 2285 400 2331; x_wconf 73' lang='lat' dir='ltr'>Geoqr.</span> <span class='ocrx_word' id='word_1_220' title='bbox 419 2285 625 2332; x_wconf 81' lang='lat' dir='ltr'>Senegalia</span> <span class='ocrx_word' id='word_1_221' title='bbox 643 2287 709 2330; x_wconf 73' lang='lat' dir='ltr'>(ex</span> <span class='ocrx_word' id='word_1_222' title='bbox 726 2286 927 2331; x_wconf 76' lang='lat' dir='ltr'>Perrotet),</span> <span class='ocrx_word' id='word_1_223' title='bbox 946 2286 1107 2331; x_wconf 84' lang='lat' dir='ltr'>Nubia!‚</span> <span class='ocrx_word' id='word_1_224' title='bbox 1125 2285 1234 2321; x_wconf 82' lang='lat' dir='ltr'>India</span> <span class='ocrx_word' id='word_1_225' title='bbox 1254 2286 1418 2331; x_wconf 76' lang='lat' dir='ltr'>tropica!</span> 
     </span>
    </p>
   </div>
   <div class='ocr_carea' id='block_1_10' title="bbox 664 2457 1308 2518">
    <p class='ocr_par' dir='ltr' id='par_1_12' title="bbox 664 2457 1308 2518">
     <span class='ocr_line' id='line_1_30' title="bbox 664 2457 1308 2518; baseline -0.005 -12"><span class='ocrx_word' id='word_1_226' title='bbox 664 2458 942 2506; x_wconf 72' lang='lat' dir='ltr'>SAxlFRAffl</span> <span class='ocrx_word' id='word_1_227' title='bbox 972 2458 1036 2518; x_wconf 79' lang='lat' dir='ltr'>(t.</span> <span class='ocrx_word' id='word_1_228' title='bbox 1065 2457 1163 2505; x_wconf 84' lang='lat' dir='ltr'>Gen.</span> <span class='ocrx_word' id='word_1_229' title='bbox 1192 2457 1308 2517; x_wconf 72' lang='lat'>559).</span> 
     </span>
    </p>
   </div>
   <div class='ocr_carea' id='block_1_11' title="bbox 134 2572 1849 2864">
    <p class='ocr_par' dir='ltr' id='par_1_13' title="bbox 134 2572 1849 2864">
     <span class='ocr_line' id='line_1_31' title="bbox 196 2572 1836 2628; baseline -0.002 -12"><span class='ocrx_word' id='word_1_230' title='bbox 196 2572 329 2628; x_wconf 84' lang='lat' dir='ltr'>Calyx</span> <span class='ocrx_word' id='word_1_231' title='bbox 356 2573 519 2616; x_wconf 81' lang='lat' dir='ltr'>5-f1dus</span> <span class='ocrx_word' id='word_1_232' title='bbox 547 2573 616 2616; x_wconf 88' lang='lat' dir='ltr'>vel</span> <span class='ocrx_word' id='word_1_233' title='bbox 657 2575 859 2627; x_wconf 81' lang='lat' dir='ltr'>partitus,</span> <span class='ocrx_word' id='word_1_234' title='bbox 903 2573 1144 2627; x_wconf 81' lang='lat' dir='ltr'>persistens</span> <span class='ocrx_word' id='word_1_235' title='bbox 1184 2573 1330 2614; x_wconf 76' lang='lat' dir='ltr'>ovario</span> <span class='ocrx_word' id='word_1_236' title='bbox 1372 2572 1601 2614; x_wconf 78' lang='lat' dir='ltr'>adhaercns</span> <span class='ocrx_word' id='word_1_237' title='bbox 1630 2573 1696 2614; x_wconf 84' lang='lat' dir='ltr'>vel</span> <span class='ocrx_word' id='word_1_238' title='bbox 1726 2573 1836 2614; x_wconf 77' lang='lat' dir='ltr'>libor</span> 
     </span>
     <span class='ocr_line' id='line_1_32' title="bbox 136 2630 1836 2686; baseline -0.001 -12"><span class='ocrx_word' id='word_1_239' title='bbox 136 2632 247 2676; x_wconf 86' lang='lat' dir='ltr'>lobis</span> <span class='ocrx_word' id='word_1_240' title='bbox 277 2632 528 2675; x_wconf 85' lang='lat' dir='ltr'>imbricatis.</span> <span class='ocrx_word' id='word_1_241' title='bbox 564 2633 710 2674; x_wconf 83' lang='lat' dir='ltr'>Petala</span> <span class='ocrx_word' id='word_1_242' title='bbox 742 2633 902 2686; x_wconf 77' lang='lat' dir='ltr'>saepius</span> <span class='ocrx_word' id='word_1_243' title='bbox 930 2631 1110 2685; x_wconf 79' lang='lat' dir='ltr'>aequalia</span> <span class='ocrx_word' id='word_1_244' title='bbox 1137 2631 1364 2684; x_wconf 77' lang='lat' dir='ltr'>hypogyna</span> <span class='ocrx_word' id='word_1_245' title='bbox 1392 2631 1459 2672; x_wconf 80' lang='lat' dir='ltr'>vel</span> <span class='ocrx_word' id='word_1_246' title='bbox 1485 2631 1703 2684; x_wconf 73' lang='lat' dir='ltr'>perigyna.</span> <span class='ocrx_word' id='word_1_247' title='bbox 1744 2630 1836 2674; x_wconf 82' lang='lat' dir='ltr'>Sta-</span> 
     </span>
     <span class='ocr_line' id='line_1_33' title="bbox 134 2690 1849 2746; baseline -0.002 -13"><span class='ocrx_word' id='word_1_248' title='bbox 134 2693 250 2734; x_wconf 86' lang='lat' dir='ltr'>mina</span> <span class='ocrx_word' id='word_1_249' title='bbox 294 2693 347 2735; x_wconf 87' lang='grc'>10</span> <span class='ocrx_word' id='word_1_250' title='bbox 380 2703 477 2734; x_wconf 90' lang='lat' dir='ltr'>cum</span> <span class='ocrx_word' id='word_1_251' title='bbox 519 2692 671 2746; x_wconf 85' lang='lat' dir='ltr'>petalis</span> <span class='ocrx_word' id='word_1_252' title='bbox 709 2692 886 2733; x_wconf 84' lang='lat' dir='ltr'>inserta.</span> <span class='ocrx_word' id='word_1_253' title='bbox 927 2690 1135 2732; x_wconf 85' lang='lat' dir='ltr'>Ovarium</span> <span class='ocrx_word' id='word_1_254' title='bbox 1179 2701 1387 2742; x_wconf 82' lang='lat' dir='ltr'>superum</span> <span class='ocrx_word' id='word_1_255' title='bbox 1428 2691 1491 2730; x_wconf 82' lang='lat' dir='ltr'>vel</span> <span class='ocrx_word' id='word_1_256' title='bbox 1537 2690 1849 2739; x_wconf 38' lang='lat' dir='ltr'>semiinfcrum·</span> 
     </span>
     <span class='ocr_line' id='line_1_34' title="bbox 137 2748 1837 2804; baseline -0.002 -12"><span class='ocrx_word' id='word_1_257' title='bbox 137 2750 387 2804; x_wconf 81' lang='lat' dir='ltr'>biloculare,</span> <span class='ocrx_word' id='word_1_258' title='bbox 411 2751 526 2804; x_wconf 70' lang='lat' dir='ltr'>-styli</span> <span class='ocrx_word' id='word_1_259' title='bbox 555 2752 595 2792; x_wconf 65' lang='grc' dir='ltr'>Ξ.</span> <span class='ocrx_word' id='word_1_260' title='bbox 637 2749 820 2804; x_wconf 80' lang='lat' dir='ltr'>Capsula</span> <span class='ocrx_word' id='word_1_261' title='bbox 860 2749 1062 2791; x_wconf 87' lang='lat' dir='ltr'>birostris</span> <span class='ocrx_word' id='word_1_262' title='bbox 1100 2749 1214 2790; x_wconf 85' lang='lat' dir='ltr'>inter</span> <span class='ocrx_word' id='word_1_263' title='bbox 1250 2751 1392 2789; x_wconf 83' lang='lat' dir='ltr'>rostra</span> <span class='ocrx_word' id='word_1_264' title='bbox 1428 2748 1624 2790; x_wconf 66' lang='lat' dir='ltr'>bii&#39;alvis.</span> <span class='ocrx_word' id='word_1_265' title='bbox 1664 2749 1837 2790; x_wconf 79' lang='lat' dir='ltr'>Semina</span> 
     </span>
     <span class='ocr_line' id='line_1_35' title="bbox 137 2806 1643 2864; baseline -0.003 -13"><span class='ocrx_word' id='word_1_266' title='bbox 137 2822 370 2853; x_wconf 85' lang='lat' dir='ltr'>numerosa</span> <span class='ocrx_word' id='word_1_267' title='bbox 396 2810 605 2864; x_wconf 85' lang='lat' dir='ltr'>placentis</span> <span class='ocrx_word' id='word_1_268' title='bbox 629 2808 882 2851; x_wconf 84' lang='lat' dir='ltr'>axillaribus</span> <span class='ocrx_word' id='word_1_269' title='bbox 909 2809 1045 2850; x_wconf 82' lang='lat' dir='ltr'>affixa.</span> <span class='ocrx_word' id='word_1_270' title='bbox 1071 2831 1127 2840; x_wconf 90' lang='lat'>--</span> <span class='ocrx_word' id='word_1_271' title='bbox 1149 2807 1303 2849; x_wconf 82' lang='lat' dir='ltr'>Herbae</span> <span class='ocrx_word' id='word_1_272' title='bbox 1328 2806 1476 2848; x_wconf 78' lang='lat' dir='ltr'>habitu</span> <span class='ocrx_word' id='word_1_273' title='bbox 1502 2808 1643 2849; x_wconf 79' lang='lat' dir='ltr'>variae.</span> 
     </span>
    </p>
   </div>
  </div>
 </body>
</html>
