2065 3236
227 230 298 266 556
943 234 1217 261 LEGUMINOSAE.
1757 223 1919 261 Ebenus.

222 312 361 365 tropis
387 312 512 359 Jaub,
540 315 582 353 et·
605 310 676 364 Sp.
706 310 784 351 loc.
806 310 874 352 cit.
896 322 936 363 p.
958 310 1053 351 155.
1073 332 1128 338 ——
1152 307 1316 350 Illustr.
1336 307 1392 361 pl.
1414 306 1487 349 Or.
1505 308 1590 350 tab.
1611 308 1694 349 252
1714 307 1921 363 (capitula

221 372 331 414 male
353 369 594 424 sphaerica).

269 443 369 477 Hab.
395 443 437 476 in
454 444 586 477 monte
614 441 762 476 Cadmo
786 440 941 484 (Jaubl)
967 442 1006 475 et
1022 450 1141 486 supra
1158 438 1348 475 Denisleh
1366 439 1406 474 in
1425 439 1540 474 Caria
1557 438 1689 484 (Boiss
1699 441 1736 484 l).
1754 439 1810 474 Fl.
1831 440 1921 476 Jun.

268 505 410 541 Caules
441 504 695 551 semipedales
725 503 1010 550 longioresque,
1035 502 1208 549 capitula
1236 503 1394 538 tandem
1422 503 1442 538 1
1463 502 1780 549 ¹l2-2-pollicaria‚
1805 503 1922 539 flores

218 554 279 589 eis
301 553 344 587 E.
359 551 588 588 ,Μογιιόνεείί
601 551 786 586 minores.

222 717 241 734 '¹
292 717 309 732 *
360 716 493 751 Flores
512 714 874 761 globoso-capitati,
906 713 1077 760 capitula
1110 713 1198 749 basi
1228 713 1393 748 bracteis
1419 713 1672 750 inferioribus
1690 714 1922 751 subinvolu-

693 764 806 797 crata.
827 760 984 796 Corolla
1002 761 1178 796 omnium
1199 760 1450 806 glaberrima.

284 871 320 910 7.
346 868 402 911 E.
438 867 768 921 Sihthorpii
804 867 912 921 (0.0.
950 866 1072 908 Mem.
1098 865 1198 919 Leg.
1232 866 1325 917 VII,
1359 866 1442 908 tab.
1473 866 1549 921 53]
1586 866 1922 920 adpressissime

223 928 333 970 hirta
375 925 638 978 subsericea,
679 926 770 967 basi
799 925 1077 968 suffruticosa
1109 925 1303 967 caulibus
1331 925 1578 967 numerosis
1604 925 1827 967 herbaceis
1852 925 1923 967 de-

223 986 540 1037 cumbentibuS,
578 985 752 1038 stipulis
776 985 894 1038 apice
916 984 1127 1035 3-4-fidis,
1176 983 1285 1026 foliis
1320 984 1526 1037 {Mi-jugis
1550 984 1705 1026 foliolis
1741 984 1922 1027 minutis

223 1046 418 1098 oblongis
446 1044 514 1085 vel
536 1044 735 1098 ellipticis
758 1043 1085 1095 mucronulatis,
1113 1043 1311 1096 capitulis
1336 1043 1523 1095 globosis
1554 1043 1799 1096 pedunculo
1824 1043 1924 1086 folio

225 1105 392 1157 3-4-plo
430 1102 621 1155 longiore
654 1103 860 1150 suffultis,
886 1103 1072 1144 bracteis
1095 1102 1234 1144 ovatis
1260 1102 1526 1144 mucronatis
1551 1102 1750 1152 hirsutis,
1779 1103 1926 1156 calyce

226 1162 520 1205 hirsut1ssimo
539 1162 697 1203 corollzi
716 1163 938 1215 purpurea
954 1160 1254 1213 subbreviore,
1278 1161 1434 1203 vexillo
1454 1161 1600 1202 carine
1619 1161 1921 1214 subbreviore,

224 1222 306 1264 alis
334 1221 491 1262 carinae
517 1220 736 1273 unguibus
772 1220 1048 1262 brevioribus
1085 1226 1119 1268 5.
1163 1219 1214 1261 E.
1242 1219 1434 1272 plumata
1461 1219 1523 1261 Fl.
1553 1218 1687 1262 Graec.
1725 1220 1807 1262 tab.
1840 1221 1924 1262 740

227 1293 313 1322 non
340 1280 457 1321 Desf.

271 1353 372 1388 Hal).
390 1354 429 1387 in
448 1353 588 1398 apricis
621 1353 806 1388 Parnassi
847 1355 885 1388 et
917 1352 1063 1387 montis
1093 1352 1217 1387 Athos
1247 1351 1486 1387 Macedoniae
1520 1352 1693 1397 (smmi,
1721 1353 1857 1388 Atticae
1884 1353 1927 1389 in

223 1405 355 1436 monte
374 1401 518 1435 Parnes
542 1402 579 1434 et
597 1401 636 1434 in
656 1403 787 1434 monte
814 1400 985 1445 Ajonora
1012 1410 1129 1446 supra
1150 1399 1383 1434 Corinthum
1402 1399 1597 1445 (spruni),
1624 1400 1721 1435 colle
1739 1400 1924 1446 Ampelo-

223 1447 337 1493 kipos
356 1458 475 1493 prope
492 1447 664 1481 Athenas
683 1447 868 1492 (Heldrl),
886 1446 1032 1482 Eubeae
1051 1447 1189 1491 (Auch.
1218 1447 1360 1492 11211),
1385 1446 1514 1482 Rhodi
1543 1447 1585 1482 in
1611 1447 1778 1484 collibus
1804 1458 1925 1495 prope

223 1494 392 1530 Salakos
411 1494 558 1538 (Bourg
573 1495 606 1538 l).
626 1494 683 1528 Fl.
702 1493 792 1529 Mai.

285 1654 328 1693 8.
351 1650 405 1692 E.
426 1651 771 1693 Montbretii
794 1651 938 1706 tJaub.
964 1654 1006 1693 et
1024 1650 1094 1704 Sp.
1114 1650 1225 1692 Ann.
1249 1650 1314 1693 Sc.
1331 1650 1425 1692 Nat.
1447 1650 1550 1691 XIX
1567 1650 1722 1705 (1843)
1750 1663 1790 1704 p.
1823 1649 1924 1704 154)

224 1711 370 1764 patule
396 1711 826 1751 liirsuto-tomentosa
851 1710 944 1752 basi
964 1710 1295 1761 suffr-ntescens,
1322 1710 1517 1752 caulibus
1536 1709 1757 1751 herbaceis
1779 1720 1927 1751 ascen-

226 1769 442 1821 dentibus,
479 1769 652 1822 stipulis
694 1769 859 1810 striatis
886 1769 1100 1823 profunde
1137 1769 1542 1813 fimbriato-laceris,
1574 1769 1684 1811 soliis
1718 1767 1926 1822 3-4-jugis

223 1828 377 1870 foliolis
403 1827 647 1869 lanceolatis
667 1828 736 1869 vel
754 1827 1221 1880 lanceolam-oblongis,
1247 1828 1447 1881 capitulis
1465 1828 1655 1880 globosis
1679 1827 1924 1881 pedunculo

224 1888 321 1929 folio
363 1887 528 1940 2-3-plo
568 1887 760 1939 longiore
807 1887 1012 1937 suffultis,
1040 1887 1226 1929 bracteis
1264 1886 1402 1929 ovatis
1435 1887 1691 1929 acuminatis
1727 1886 1926 1939 hirsutis,

223 1947 366 1999 calyce
389 1945 684 1988 hirsutissimo
711 1946 867 1988 corollzi
894 1947 1116 2000 purpurea
1149 1946 1356 1999 longiore,
1381 1946 1538 1988 vexillo
1570 1946 1716 1987 carina
1749 1944 1926 1988 sublon-

222 2005 354 2058 giore,
373 2005 450 2046 3115
469 2005 623 2046 carinae
652 2005 895 2058 unguiculis
918 2004 1194 2047 brevioribus
1216 2010 1252 2055 5.
1283 2004 1340 2047 Ic.
1361 2005 1485 2047 Jaub.
1506 2009 1548 2047 et
1566 2004 1637 2058 Sp.
1659 2005 1723 2046 Ill.
1748 2004 1820 2047 Or.
1837 2003 1923 2047 tab.

224 2065 320 2106 250.
342 2088 398 2094 —-
424 2063 473 2104 E.
503 2063 753 2115 lamii-uides
781 2064 919 2105 Boiss.
951 2064 1101 2116 Diagn.
1128 2064 1219 2105 Ser.
1249 2064 1282 2115 I,
1307 2065 1346 2112 92,
1371 2076 1410 2117 p.
1427 2065 1481 2105 99
1501 2063 1679 2118 (nomen
1697 2063 1925 2118 antiquius

223 2123 300 2166 sed
326 2123 470 2164 minus
498 2122 683 2177 aptum.)
707 2147 761 2152 —
791 2122 839 2164 Ε.
860 2122 1101 2175 είῖραίασεα
1125 2121 1295 2164 Griseb.
1318 2122 1462 2177 Spicil.
1493 2123 1524 2174 Ι,
1550 2136 1589 2176 p.
1623 2124 1691 2164 12.

268 2199 369 2234 Hah.
389 2199 429 2233 in
440 2199 600 2244 regione
617 2199 828 2246 subalpina
843 2198 1097 2245 Cappadocize
1115 2198 1165 2233 ad
1183 2198 1424 2245 Euphratem
1443 2197 1582 2242 [Auch.
1601 2198 1741 2243 11191),
1759 2197 1800 2233 in
1817 2208 1928 2234 mon-

221 2246 328 2282 tibus
346 2246 644 2292 Karainasdagh
663 2250 700 2282 et
717 2246 930 2292 Dededagh
953 2245 1042 2290 (Bal
1053 2247 1088 2291 1).
1108 2245 1164 2280 Fl.
1181 2245 1203 2281 J
1208 2245 1257 2280 ul.

280 2311 322 2366 β.
350 2310 540 2354 Ciliciam.
566 2335 623 2340 --
650 2311 803 2364 Mmor,
837 2311 981 2354 foliola
1014 2311 1181 2352 minora
1205 2322 1320 2363 saepe
1343 2310 1559 2364 pauciora,
1583 2310 1740 2363 calycis
1763 2310 1927 2352 laciniae

216 2371 423 2413 corollam
455 2373 677 2424 aequantes
704 2371 773 2412 vel
799 2370 1123 2413 subbreviores.
1148 2393 1203 2400 —
1239 2368 1290 2411 E.
1330 2368 1504 2412 Cilicica
1527 2369 1675 2412 Schott
1703 2373 1747 2412 et
1770 2371 1852 2423 Ky.
1880 2369 1927 2412 in

222 2429 302 2483 Ky.
325 2430 381 2483 pl.
407 2442 498 2472 exs.

268 2503 366 2538 Hah.
385 2504 425 2538 in
444 2504 601 2549 regione
619 2503 754 2551 alpina
771 2504 890 2540 vallis
917 2504 997 2540 Kar
1015 2503 1174 2550 Boghas
1192 2503 1314 2539 Tauri
1334 2502 1480 2539 Cilicici
1498 2505 1535 2539 et
1552 2504 1602 2539 ad
1622 2503 1815 2539 Dunderli
1831 2502 1924 2548 (Ky.

219 2561 301 2586 exs.
322 2551 384 2586 491
405 2553 442 2586 et
454 2552 541 2587 2231
561 2551 681 2597 Bali).

267 2612 422 2659 Species
446 2614 498 2649 ab
526 2614 573 2649 Ε.
593 2613 811 2661 Sibtkorpz’z'
848 2614 1091 2659 indumento,
1122 2613 1279 2660 stipulis
1309 2613 1500 2661 profunde
1527 2612 1744 2659 fimbriatis,
1777 2611 1926 2649 vexillo

217 2659 403 2705 elongato
421 2661 612 2697 distincta.

280 2829 322 2869 9.
353 2827 409 2870 Ε.
430 2827 669 2870 hirsuta
696 2825 844 2881 (Jauh.
869 2839 912 2870 et
936 2827 1007 2881 Sp.
1034 2827 1171 2870 illust.
1199 2827 1271 2870 Or.
1301 2826 1376 2879 111,
1398 2840 1438 2881 p.
1463 2829 1517 2869 65
1542 2828 1626 2870 tab.
1652 2824 1754 2877 251>
1776 2825 1925 2880 patule

222 2885 655 2928 hirsuto-tomentosa
670 2885 763 2927 basi
781 2887 1113 2939 suffrutescens,
1128 2886 1322 2929 caulibus
1335 2886 1558 2928 herbaceis
1575 2884 1924 2937 ascendentibus,

222 2945 398 2998 stipulis
441 2945 606 2987 siriatis
642 2945 859 2999 profunde
896 2945 1308 2996 fimbriato-laceris,
1352 2945 1465 2987 foliis
1512 2945 1721 3000 3·5-jugis
1766 2943 1922 2986 foliolis

221 3003 675 3057 oblongo-lanceolatis
715 3005 868 3059 acutis,
910 3005 1108 3059 capitulis
1147 3004 1336 3059 globosis
1367 3004 1613 3059 pedunculo
1647 3004 1747 3047 solio
1790 3002 1923 3057 duplo

2046 78 2053 176 1

2048 222 2054 261 ἡ
2063 214 2065 218 Α
