2025 3236
170 211 220 249 18
905 199 1126 230 ananum.
1638 181 1859 221 Rhamma.

495 300 515 319 ²
556 299 577 318 ¹*
625 296 737 334 Folia
753 295 852 332 sicut
869 292 970 329 rami
987 289 1167 338 opposita
1183 285 1250 325 vel
1267 283 1540 332 subopposita.

241 410 305 452 12.
334 407 395 450 R.
419 401 699 450 tinctoria
725 397 814 455 (W.
842 397 892 440 K.
918 395 1060 447 Hung.
1083 391 1161 444 ΙΙΙ,
1191 389 1276 432 tab.
1302 387 1406 444 255]
1441 385 1575 430 ramis
1613 382 1769 427 erectis
1795 393 1864 424 ra-

177 467 380 519 mulosis,
405 462 584 508 ramulis
618 459 794 502 tandem
829 451 1194 509 spinescentibus,
1226 447 1339 490 foliis
1380 445 1518 489 ovatis
1558 444 1628 486 vel
1669 439 1864 493 oblongis

177 524 456 571 acutiusculis
476 519 633 576 petiolo
648 517 711 560 eis
728 517 801 559 4-5
820 514 891 569 plo
907 510 1107 556 breviore
1125 506 1315 551 suffultis
1331 501 1707 548 crenato-serratis
1726 498 1867 543 utrin-

179 597 266 641 que
291 579 627 638 pubescentibus
651 567 1294 621 reticulato-venosis,floribus
1320 562 1572 608 axillaribus
1595 556 1867 609 fasciculatiS,

178 642 336 698 calycis
361 639 526 683 laciniis
550 623 1098 687 triangulari-lanceolatis‘,
1136 623 1291 680 petalis
1317 622 1576 672 linearibus,
1600 618 1741 673 drupa
1766 614 1868 658 suh-

181 703 315 754 sicca,
336 698 514 743 seminis
540 696 650 738 rima
673 693 819 736 hiante
844 688 1037 742 margine
1065 683 1339 737 cartilagineo
1362 682 1499 724 cincta
1514 682 1539 730 5
1561 679 1611 721 Β.
1634 672 1871 730 infectoria

182 773 276 804 var.
297 757 538 812 pubescens
561 751 733 796 Griseb.
761 749 873 804 Spic.
897 747 931 800 Ι,
957 759 999 801 p.
1030 746 1126 788 150.

229 833 330 870 Hab.
348 832 390 868 in
402 825 768 867 fruticetisGraeciae
794 821 933 869 (Auch.
961 830 1041 856 exs.
1059 817 1203 862 20561),
1220 813 1459 852 Macedoniae
1477 814 1515 848 et
1534 808 1713 846 Thraciae
1742 806 1871 853 (Frivl

183 880 375 925 Grisebl),
391 876 586 914 Anatoliae
602 874 643 910 in
660 870 818 909 Galatia
842 870 892 906 ad
909 870 1107 913 Ancyram
1126 864 1192 910 (W
1193 863 1256 900 ied
1266 861 1444 909 1),Tauro
1464 858 1619 895 Cilicico
1645 856 1695 893 ad
1720 851 1874 891 Guleek

206 929 240 964 Κ
277 930 284 963 l
306 955 313 962 .

186 930 203 975 (
231 928 379 1028 gigntae
397 984 605 1024 Orientalis
630 981 845 1031 specimina
861 977 1030 1016 florifera
1048 977 1202 1012 tantum
1219 973 1305 1010 vidi
1322 971 1390 1008 sed
1407 969 1513 1006 foliis
1531 977 1620 1005 cum
1636 962 1875 1011 Hungaricis

188 1039 289 1122 bfne
305 1036 538 1120 {ongruunt
558 1032 608 1069 R.
626 1028 834 1077 mfeetoria
857 1027 900 1063 L.
927 1024 1057 1062 differt
1071 1022 1176 1059 foliis
1206 1017 1560 1068 glabrescentibus,
1591 1014 1690 1051 rima
1715 1009 1878 1049 seminis

192 1097 213 1123 c
230 1096 301 1122 aus
336 1112 344 1130 ,
363 1094 382 1119 e
404 1093 432 1118 c.

236 1149 301 1184 Ar.
327 1145 461 1190 Geoqr.
479 1135 1016 1188 Hungaria,Transy1vania‚
1032 1133 1222 1169 Banatus.

256 1295 321 1337 13.
349 1292 413 1335 R.
439 1285 766 1346 pruniiolia
790 1283 948 1340 (Sibth.
975 1283 1019 1324 et
1050 1279 1136 1322 Sm.
1164 1277 1318 1321 Prodr.
1341 1274 1382 1327 I,
1413 1287 1454 1329 p.
1486 1272 1589 1327 157)
1606 1269 1739 1313 ramis
1761 1278 1885 1323 pros-

194 1353 321 1397 tratis
347 1346 656 1394 ramosissimis
681 1343 916 1394 intricatis,
942 1340 1054 1383 foliis
1081 1337 1229 1393 parvis
1256 1334 1417 1390 glabris
1444 1332 1582 1376 ovatis
1609 1325 1885 1380 veloblongis

198 1410 368 1456 obtusis
395 1404 629 1452 crenulatis
666 1403 823 1459 petiolo
846 1400 970 1444 brevi
997 1397 1202 1450 suffultiS,
1230 1393 1414 1438 floribus
1441 1390 1589 1446 paucis
1614 1384 1888 1432 fasciculatis,

196 1469 354 1525 calycis
380 1467 544 1511 laciniis
572 1458 1059 1515 ovato-triangularibus
1083 1454 1272 1503 flavidis,
1304 1451 1458 1508 petalis
1480 1447 1734 1499 linearibus,
1749 1444 1889 1497 drupa

199 1528 396 1574 subsicca
427 1526 610 1570 obovata
630 1523 780 1577 parva,
803 1518 981 1562 seminis
1007 1517 1116 1559 rima
1137 1513 1282 1556 hiante
1306 1502 1890 1558 membranaceo-marginata

198 1595 235 1638 5,
262 1587 313 1631 R.
341 1582 556 1629 Boissieri
575 1581 722 1624 Heldr.
747 1580 810 1624 Pl.
838 1576 974 1620 Graec.
1002 1587 1092 1618 exs.

250 1660 356 1697 Hab.
393 1659 434 1694 in
461 1656 615 1694 saxosis
642 1666 687 1691 ⁴re
718 1653 821 1690 ionis
846 1649 1087 1688 intermediae
1112 1649 1149 1684 et
1177 1646 1323 1694 alpinae
1353 1641 1538 1680 Parnassi
1564 1638 1722 1685 (Heldrl
1753 1635 1892 1673 Guiccl

203 1708 313 1756 Orph
325 1709 352 1752 1)
369 1705 517 1743 montis
539 1702 684 1750 Delphi
736 1700 848 1737 uheae
864 1698 931 1734 alt.
945 1695 1202 1733 [seeo—550&
1221 1691 1398 1739 (Heldrl)
1415 1688 1560 1725 montis
1576 1686 1729 1732 Velugo
1740 1682 1894 1721 AEtoliae

201 1755 370 1811 (Samar.
391 1755 429 1790 et
447 1751 584 1807 Guiccl
607 1779 616 1797 ,
632 1749 673 1786 in
688 1747 855 1785 summis
869 1738 1070 1782 montibus
1088 1738 1371 1786 Cretaerffiibth.
1389 1736 1522 1781 Sieb.)

252 1818 415 1856 Differre
448 1815 605 1852 videtur
630 1824 654 1850 a
686 1812 734 1850 R.
757 1809 942 1848 tinctor-ia
975 1807 1096 1844 ramis
1137 1806 1184 1842 de
1214 1804 1330 1841 ressis
1359 1798 1662 1839 tortuosissimis
1692 1793 1895 1840 intricatis,

209 1867 318 1905 foliis
335 1863 554 1902 minoribus
573 1862 611 1898 et
627 1860 774 1908 saepius
792 1857 919 1905 magis
937 1854 1156 1893 rotundatis
1175 1863 1198 1899 g
1217 1851 1335 1897 abris,
1350 1849 1476 1896 drupa
1488 1846 1614 1884 multo
1628 1844 1791 1881 minore.

268 2020 333 2062 1‘4.
366 2017 430 2061 R.
459 2012 772 2072 petiolaris
797 2005 966 2067 (Bois's.
990 2007 1141 2061 Diagn.
1165 2005 1259 2049 Ser.
1291 2005 1357 2057 11,
1385 2005 1427 2055 5,
1452 2014 1493 2056 p.
1522 1998 1597 2054 75)
1624 1996 1756 2041 ramis
1774 1995 1903 2050 patu-

206 2079 274 2132 lis,
301 2076 480 2121 ramulis
517 2073 693 2117 tandem
728 2068 1102 2125 spinescentihuS,
1135 2065 1249 2108 foliis
1284 2062 1444 2118 petiolo
1476 2059 1540 2103 eis
1575 2052 1901 2110 subaequilo'ngo

204 2138 275 2181 vel
302 2147 458 2191 parum
486 2132 688 2176 breviore
713 2128 906 2174 suffultis
938 2126 1076 2169 firmis
1103 2123 1263 2178 glabris
1287 2135 1310 2164 a
1334 2121 1428 2164 basi
1455 2118 1636 2162 cuneata
1657 2113 1801 2157 rarius
1827 2124 1900 2155 ro·

209 2196 390 2240 tundata
420 2192 490 2236 vel
519 2189 779 2234 subcordata
800 2186 993 2240 oblongis
1016 2184 1152 2227 acutis
1182 2183 1251 2225 vel
1277 2178 1529 2224 acuminatis
1553 2173 1740 2218 crenatis
1765 2170 1905 2215 utrin-

210 2267 296 2310 que
323 2252 471 2296 nervis
500 2251 573 2293 3-5
601 2245 963 2302 convergentibus
990 2239 1423 2294 instructis,floribus
1449 2233 1702 2279 axillaribus
1729 2230 1908 2274 fascicu-

209 2314 332 2365 latis,
378 2312 571 2365 calyce..
591 2338 624 2360 .,
660 2307 814 2362 petalis
826 2335 978 2348 ......
1020 2302 1161 2356 drupa
1195 2298 1392 2343 subsicca
1420 2292 1682 2350 majuscula,
1729 2287 1909 2333 seminis

212 2373 322 2416 rima
362 2370 507 2413 hiante
538 2367 734 2421 margine
766 2369 861 2409 toto
903 2361 1177 2416 cartilagineo
1213 2362 1252 2410 ὅ.
1290 2357 1342 2400 R.
1384 2351 1622 2408 infectoria
1647 2348 1795 2392 Tchih.
1831 2346 1908 2390 As.

214 2431 315 2475 Min.
336 2429 423 2473 Atl.
446 2428 533 2471 tab.
557 2428 597 2480 9,
619 2438 709 2469 non
734 2425 780 2467 L.

263 2503 366 2539 Hab.
401 2502 442 2538 in
468 2499 646 2537 dumosis
678 2498 798 2534 Tauri
831 2494 980 2533 Cilicici
998 2492 1099 2530 circa
1127 2490 1258 2528 Gfflek
1287 2487 1397 2530 (Ball
1423 2485 1535 2533 Kyl),
1552 2483 1578 2520 S
1610 2483 1668 2519 ria
1684 2480 1766 2517 bor,
1789 2487 1911 2527 prope

218 2550 362 2588 Aintab
380 2547 556 2594 (Haussk
569 2549 595 2592 l)
619 2545 770 2582 Libano
787 2544 829 2581 in
847 2543 963 2590 sylva
978 2540 1088 2577 Eden
1106 2538 1172 2583 (131
1184 2540 1210 2583 l)
1237 2535 1425 2572 Armenia
1449 2531 1612 2569 austrai
1636 2530 1678 2566 in
1702 2531 1812 2576 prov.
1837 2525 1913 2561 Bo·

217 2598 312 2682 &g
330 2597 380 2634 ad
397 2597 545 2632 flumen
557 2593 722 2630 Mourad
741 2592 832 2638 (Ky.
850 2587 1101 2633 exs.532).1n
1116 2583 1365 2668 Casspadocia
1380 2582 1481 2618 circa
1491 2579 1711 2615 Caesaream
1726 2583 1853 2621 usque
1864 2571 1912 2608 ad

222 2691 261 2728 P
326 2644 333 2659 '
357 2644 523 2726 coptitoset
540 2640 700 2686 colitur,
733 2639 885 2677 semina
907 2635 1089 2673 tinctoria
1116 2634 1156 2669 in
1210 2639 1375 2678 uropam
1397 2628 1471 2665 sub
1498 2625 1657 2662 nomine
1681 2621 1843 2670 ‚qraines
1866 2618 1916 2657 de

259 2701 344 2729 erse
359 2701 414 2727 mi
451 2700 502 2725 un
524 2699 581 2724 ur.

280 2756 324 2812 β.
348 2753 554 2799 velutina.
575 2777 630 2783 —-
654 2751 774 2795 Folia
795 2749 1002 2803 utrinque
1024 2745 1219 2788 breviter
1240 2740 1447 2785 velutina.

271 2829 374 2866 Hab.
400 2829 441 2864 in
458 2826 658 2864 cacumine
684 2823 830 2861 montis
847 2819 1057 2866 Ylandagh
1078 2816 1337 2865 Cappadociae
1357 2813 1421 2850 alt.
1439 2811 1552 2849 4500’
1573 2807 1710 2856 (Bau).

272 2892 426 2940 Species
444 2891 492 2928 R.
522 2889 749 2927 catharticae
766 2886 895 2923 affinis
911 2887 1043 2921 tamen
1057 2881 1162 2918 foliis
1188 2878 1316 2925 magis
1335 2875 1518 2913 coriaceis
1535 2871 1695 2919 longius
1722 2866 1922 2918 petiolatis

225 2937 643 3023 ἓξὲιέίῶἳῑὲἐίὃῗῖῃὶέῗὲοἰε
669 2933 919 2971 sabexsuccis
949 2929 1166 2977 majoribus
1196 2927 1327 2974 pisum
1346 2921 1607 2971 aequantibus,
1625 2917 1784 2962 semine,
1803 2917 1865 2951 sat
1878 2915 1925 2950 ut
