1994 3211
131 203 224 247 1026
826 207 1135 237 UMBELLIFERAE.
1535 198 1831 237 Peucedanum.

741 328 764 384 g
798 330 835 370 7.
869 326 1216 372 Selinoidea.

193 444 261 485 029.
295 441 352 484 P.
377 436 708 484 cnidioides
736 438 894 493 (Boiss.
945 440 989 480 et
1028 437 1178 479 Heldr.
1209 438 1361 491 Diagn.
1397 437 1490 480 Ser.
1514 438 1575 487 II,
1606 440 1655 491 Ξ,
1685 452 1725 493 p.
1753 439 1830 487 90)

130 501 343 552 glabrum,
371 499 491 542 caule
514 498 678 540 sulcato
697 497 847 540 lolioso
868 508 997 551 parce
1023 508 1209 548 ramoso,
1232 497 1345 539 foliis
1369 497 1532 539 ambitu
1557 490 1832 551 triangulari-

129 561 214 603 bus
238 560 280 602 bi
306 559 376 601 vel
398 556 756 611 tripinnafisectis
796 555 1084 600 divisionibus
1122 555 1384 609 petiolulalis
1420 557 1577 609 angulo
1610 561 1726 599 recto
1758 570 1831 611 pa-

128 619 336 670 ientibus,
362 616 597 671 segmentis
625 615 966 657 cuneato-ovatis
993 614 1261 668 3-4-partitis
1286 615 1392 656 etin
1419 615 1595 657 lacinias
1621 615 1827 669 oblongo·

134 679 320 720 lineares
359 677 536 719 obtusas
575 674 898 716 mucronulatas
932 673 1075 722 fissis,
1114 673 1341 715 Involucro
1381 674 1629 727 polypbyllo
1668 674 1828 728 phyllis

130 735 377 778 lanceolatis
402 733 597 786 deflexis,
625 732 824 775 umbellae
860 731 995 774 radiis
1033 733 1164 774 15-20
1203 732 1412 785 elongatis
1439 732 1618 784 scabris,
1646 732 1828 775 floribus

129 795 254 847 albis,
280 795 424 837 fructu
448 792 657 847 pedicello
692 791 1041 845 subaequilongo‚
1067 791 1337 844 mericarpiis
1365 791 1559 844 oblongis
1591 791 1683 833 basi
1710 794 1830 833 retu-

132 855 207 906 sis,
223 853 418 907 margine
440 851 537 894 albo
561 851 713 893 semini
736 851 948 904 aequhato,
969 850 1085 904 jugis
1113 849 1389 892 filiformihus
1408 850 1680 903 proniiiiulis,
1708 851 1830 892 vittis

131 912 342 966 angustis,
372 909 777 953 commissuralihus
804 909 920 951 inter
947 921 994 951 se
1018 908 1228 962 proximis
1256 908 1530 950 suharcuatis
1561 915 1619 956 26.

176 986 278 1022 Hab.
298 986 338 1020 in
359 984 518 1030 regione
541 982 736 1030 sylvatica
752 982 938 1018 Parnassi
955 983 993 1017 et
1010 981 1172 1028 Olympi
1190 981 1373 1017 Thessali
1394 980 1544 1025 (Heldr.
1570 981 1628 1016 Fl.
1657 981 1722 1017 Gr.
1748 991 1828 1017 exs.

130 1043 138 1050 .
160 1033 168 1051 Ι

130 1031 499 1116 ἓὶῗξὲἰέὲῖᾗῖῐῗὲιῡ.
520 1077 732 1113 Austriaeo
756 1076 822 1112 sed
844 1076 1069 1112 distinctum
1088 1077 1379 1121 segmentorum
1404 1075 1536 1110 minus
1555 1075 1746 1121 profunde
1765 1075 1830 1110 fis-

129 1138 264 1163 sorum
281 1126 433 1162 laciniis
452 1125 636 1170 oblongis
656 1124 847 1159 brevibus
867 1134 938 1159 nec
955 1123 1171 1158 linearibus
1194 1123 1388 1168 elongatis
1407 1121 1496 1157 illas
1522 1121 1652 1158 Cnidii
1667 1122 1831 1170 apioidz's

132 1174 391 1211 referentibus
410 1172 478 1208 sed
499 1172 727 1218 majoribus.

179 1239 265 1276 Ohs.
292 1237 339 1273 P.
358 1236 594 1273 arenarium
614 1235 674 1271 W.
693 1235 738 1270 K.
758 1237 795 1270 et
811 1234 860 1270 P.
888 1234 1147 1270 Ausa-mcum
1174 1233 1279 1279 Jaeq.
1308 1244 1331 1268 a
1355 1233 1526 1269 Pallas-io
1545 1234 1584 1268 in
1603 1233 1764 1279 Tauria,
1783 1233 1835 1268 P.

133 1284 378 1369 gffggaeutgzum
403 1284 443 1319 in
467 1283 613 1319 Tauria
642 1293 666 1318 a
683 1281 854 1318 Pallasio
880 1283 918 1317 et
944 1281 984 1316 in
1015 1281 1145 1328 Cypro
1164 1291 1187 1316 a
1211 1280 1438 1327 Sibthorpio
1468 1281 1639 1316 indicata
1665 1281 1722 1316 ibi
1750 1291 1829 1317 non

397 1511 640 1559 ANETHUM
669 1511 731 1572 (L.
762 1524 808 1558 ex
834 1513 970 1573 parte.
995 1537 1053 1542 -—
1076 1508 1219 1557 Hoffm.
1258 1507 1358 1556 Gen.
1388 1508 1420 1563 1,
1449 1507 1569 1565 117).

193 1638 360 1693 Calycis
395 1637 546 1679 dent-es
570 1635 764 1679 obsoleti.
801 1635 947 1676 Petala
986 1632 1258 1676 subrotunda
1292 1633 1488 1674 involuta
1521 1632 1639 1686 apice
1667 1635 1828 1675 retusa.

131 1701 318 1742 Fructus
345 1710 368 1739 a
397 1697 525 1738 derso
554 1694 1095 1747 lenticulari-compressus
1128 1692 1320 1745 margine
1351 1691 1525 1735 dilatato
1560 1691 1829 1745 complanato

130 1761 310 1801 cinctus.
336 1754 591 1808 Merissarpia
610 1753 726 1808 jugis
760 1755 783 1795 5
813 1752 1087 1795 liliformibus
1115 1750 1497 1805 aequidistantibus
1524 1750 1666 1792 tribus
1693 1750 1828 1792 inler-

132 1817 286 1859 mediis
315 1818 438 1858 acute
464 1813 682 1864 carinatis,
706 1812 878 1855 duobus
912 1811 1166 1853 lateralibus
1196 1810 1241 1851 in
1277 1809 1515 1862 marginem
1551 1809 1827 1851 abeuntibus.

131 1875 363 1918 Valleculae
397 1873 638 1917 univittatae
670 1871 790 1913 vitiis
829 1873 960 1912 totam
995 1869 1250 1912 valleeulam
1280 1868 1579 1922 implentibus.
1601 1867 1829 1910 —Herbae

133 1935 270 1985 elatae,
302 1933 416 1976 foliis
443 1930 774 1984 decompositis‚
802 1929 985 1972 floribus
1014 1929 1151 1970 ssavis.
1174 1952 1228 1958 -
1255 1925 1405 1970 Genus
1428 1940 1451 1968 a
1476 1926 1729 1969 Peucedano
1755 1938 1830 1980 pe-

137 1993 324 2036 talorum
347 1992 485 2035 forma
512 1990 577 2045 (in
605 1990 682 2032 hoc
705 1992 910 2031 caeterum
937 1987 1144 2042 varianti)
1172 1987 1245 2029 vix
1271 1986 1535 2029 distinctum.

200 2162 230 2201 l.
264 2158 326 2201 A.
358 2155 716 2213 graveolens
744 2154 812 2210 (L.
838 2154 908 2208 Sp.
936 2155 1040 2205 377)
1058 2154 1270 2207 glabrum,
1299 2153 1419 2196 caule
1440 2153 1569 2195 tereti
1595 2156 1738 2195 erecto
1762 2166 1831 2196 ra—

132 2230 266 2270 moso,
288 2218 401 2260 foliis
424 2216 467 2257 in
495 2215 670 2257 lacinias
693 2215 842 2266 longas
866 2213 1233 2255 lineari-seiaceas
1258 2212 1623 2266 bipinnaliseciis.
1641 2211 1830 2254 umbella

132 2276 438 2329 multiradiata‚
464 2275 691 2317 involucro
725 2276 768 2314 et
791 2272 1064 2315 involucellis
1100 2272 1256 2314 nullis.
1292 2272 1434 2314 fructu
1463 2271 1650 2324 elliplico
1681 2275 1745 2320 O.
1772 2270 1828 2312 Ic.

132 2336 268 2379 Rchb.
289 2334 434 2377 Germ.
469 2332 550 2376 tab.
580 2333 707 2374 1968.

182 2409 279 2445 Hab.
300 2409 340 2444 in
358 2407 473 2443 cultis
491 2409 529 2442 et
539 2407 639 2442 inter
657 2407 818 2451 segetes,
838 2405 1017 2451 Byzantii
1036 2405 1202 2449 (Boiss),
1221 2403 1366 2439 Tauria
1383 2403 1438 2447 (St
1451 2403 1647 2451 Superyl).
1665 2404 1702 2439 in
1721 2414 1831 2451 prov.

132 2456 354 2493 Caucasieis
373 2455 562 2499 (Ledeb.),
582 2453 716 2489 Persia
733 2452 874 2498 (Auch.
896 2462 978 2488 exs.
996 2452 1137 2497 45861),
1156 2451 1327 2497 AEgyplo
1347 2451 1477 2495 (Boiss
1489 2454 1524 2496 1).

178 2522 241 2557 Ar.
271 2520 406 2565 Geoqr.
436 2518 592 2564 Europa
614 2515 798 2552 australis
817 2527 839 2551 a
855 2514 986 2551 Gallia
1003 2514 1053 2550 ad
1071 2514 1250 2550 Rossiam
1270 2513 1578 2549 meridionalem.

194 2679 231 2719 2.
265 2676 325 2719 A.
357 2673 678 2726 chryseum
705 2668 866 2723 (Beiss,
888 2670 931 2709 et
954 2666 1099 2708 Heldr.
1129 2667 1279 2720 Diagn.
1305 2665 1397 2707 Ser.
1423 2666 1455 2718 Ι,
1486 2667 1549 2715 10,
1573 2678 1612 2720 p.
1645 2666 1719 2720 302)
1741 2667 1831 2719 gla-

133 2737 287 2786 brum,
318 2733 440 2775 caule
475 2740 655 2784 procero
693 2728 856 2769 sulcate
885 2726 1035 2768 stricte
1074 2725 1370 2767 ramosissimo
1398 2725 1679 2778 corymbose,
1716 2725 1830 2767 soliis

133 2790 475 2849 bipinnatisectis
504 2787 667 2830 laciniis
701 2785 938 2827 linearibus
978 2784 1187 2836 elongatis
1210 2784 1346 2825 acutis
1379 2784 1573 2836 margine
1601 2784 1830 2835 scabridis,

131 2852 333 2897 umbellis
356 2847 675 2897 multiradiatis3
712 2845 938 2886 involucro
965 2843 1099 2894 nullo,
1129 2842 1375 2884 involucelli
1408 2842 1567 2895 phyllis
1596 2844 1620 2884 5
1654 2842 1829 2884 lineari-

133 2909 381 2954 lanceolatis
406 2905 636 2962 pedicellos
669 2916 755 2946 non
782 2902 1074 2957 aequantibus,
1100 2901 1246 2943 fruet-u
1277 2899 1477 2956 (Juniori)
1500 2901 1832 2955 oblongo-ellip-

133 2973 216 3014 tico
235 2969 319 3025 Q?
