2065 3236
230 187 304 223 622
960 195 1243 224 LEGUMINOSAE.
1784 191 1945 231 Orobug,

226 270 390 323 gittatis
413 269 552 312 acutis
577 269 673 312 basi
702 270 938 313 rotundata
962 271 1148 313 obscure
1185 270 1374 313 crenatis
1404 272 1588 315 summis
1624 276 1807 328 anguste
1848 275 1941 318 lan-

226 328 417 380 ceolatis,
438 328 697 382 pedunculis
721 329 856 371 dense
881 329 1379 372 racemoso-multilloris
1415 331 1517 374 folio
1553 331 1628 373 vix
1666 332 1938 387 longioribus

225 386 539 442 pedicellisque
574 387 774 441 hirsutis,
815 387 972 439 calycis
1017 387 1121 430 hirti
1159 387 1327 431 laciuiis
1365 388 1647 432 inferioribus
1685 391 1936 436 lanceolatis

225 444 380 487 tubum
413 445 690 499 aequantibus
731 446 1036 500 superioribus
1071 446 1334 489 brevissime
1369 447 1736 501 triangularibus,
1777 451 1939 493 corolla

226 504 345 547 fulva
372 504 519 546 carina
537 505 764 558 pallidiore
788 507 960 547 intense
983 505 1255 558 ochroleuca,
1292 506 1371 548 alis
1395 507 1542 549 carina
1564 508 1937 563 sublongioribus,

223 562 444 616 legumine
469 563 625 605 lineari
641 564 790 618 glabro
808 564 933 618 apice
956 564 1152 606 breviter
1173 565 1358 607 incurvo
1385 570 1444 613 26.
1469 565 1514 607 Ο.
1536 565 1773 609 Orientalis
1791 568 1930 611 Boiss.

223 621 377 674 Diagn.
399 621 491 665 Ser.
518 622 552 675 I,
580 623 620 674 9,
648 635 688 677 p.
718 624 813 665 106.
844 647 899 652 —
939 622 984 665 Ο.
1007 622 1152 665 luteus
1176 623 1312 666 Sibth.
1339 626 1382 666 et
1405 623 1492 667 Sm.
1516 624 1671 668 Prodr.
1695 638 1784 669 non
1805 626 1852 668 L.
1881 650 1939 660 —-

224 678 272 722 0.
298 680 521 722 Kolcnatii
548 679 591 723 C.
618 681 736 723 Koch
771 681 896 723 Linn.
926 681 1085 735 XXIV,
1108 695 1150 736 p.
1176 683 1245 725 96.

269 746 371 782 Hah.
391 747 433 782 in
450 747 642 793 Bithynia
659 749 699 783 in
717 747 890 795 Olympo
908 748 1052 793 (Auch.
1075 758 1155 784 exs.
1175 748 1288 784 1022!
1315 748 1513 794 Thirkel),
1543 749 1594 785 ad
1620 749 1723 785 Boiu
1741 750 1891 795 (Pestal
1905 754 1938 799 l),

221 793 474 840 Cappadocia
491 794 542 831 ad
568 795 682 830 basin
701 795 834 840 Argaei
853 795 938 841 (Ky.
958 806 1041 831 exs.
1061 795 1133 831 209
1145 796 1183 841 l),
1202 797 1391 832 Armenia.
1417 797 1586 833 australi
1609 797 1651 832 in
1669 797 1778 832 distr.
1801 798 1936 841 Worto

219 839 312 887 (Ky.
332 851 413 877 exs.
439 841 559 887 3490,
576 842 703 878 Ponto
722 842 860 878 Lazico
880 842 931 877 ad
950 842 1088 888 Djimil
1115 840 1180 878 alt.
1207 842 1311 879 6000·
1343 842 1487 890 (Ball),
1512 844 1659 880 Grusia
1688 844 1751 890 (C.
1771 844 1882 881 Koch
1895 848 1933 893 l),

220 886 370 924 Tauria
386 889 429 924 in
446 891 581 925 monte
600 889 885 936 Tchatyrdagh
899 889 1056 935 (Stevn.
1083 889 1140 925 Fl.
1163 889 1252 925 Jun.
1271 889 1295 925 J
1298 889 1348 926 ul.

266 944 411 981 Differt
427 945 479 981 ab
500 943 541 982 O.
560 944 661 982 luteo
674 946 819 982 foliolis
839 946 1056 992 majoribus
1074 944 1282 982 latioribus
1309 945 1450 982 subtus
1467 955 1548 982 non
1574 946 1736 992 glaucis,
1762 948 1930 984 racemis

216 982 264 1026 et'
275 992 479 1038 calycibus
497 992 633 1039 hirtis3
650 993 798 1029 corolla
815 994 961 1040 saepius
974 993 1103 1029 minor
1119 996 1178 1029 est
1191 993 1261 1029 sed
1278 994 1485 1039 angustior
1500 995 1539 1029 et
1555 1004 1605 1029 ex
1621 994 1753 1041 calyce
1774 994 1933 1042 longius

274 1049 293 1075 s
383 1068 390 1074 .

219 1041 483 1142 exAssf'tgeoqr.
503 1095 693 1143 Bulgaria
710 1097 810 1132 inter
827 1096 1034 1133 Rutschuk
1053 1099 1090 1132 et
1108 1096 1222 1144 Bjela.
1240 1095 1390 1142 (Janka
1401 1098 1438 1143 l).

282 1212 346 1254 15.
382 1211 441 1256 Ο.
471 1211 904 1268 grandiflorus,
943 1212 1106 1266 glaber,
1135 1211 1332 1262 caulibus
1358 1211 1583 1265 angulosis
1610 1212 1768 1254 erectis
1795 1212 1933 1268 elatis,

220 1271 335 1313 foliis
362 1272 573 1326 3-4-jugis
597 1272 817 1325 supremis
854 1271 1077 1313 interdum
1116 1270 1468 1325 imparipinnatis
1497 1270 1658 1313 foliolis
1681 1271 1836 1325 amplis
1859 1284 1933 1325 pe-

220 1329 372 1373 tiolulo
395 1330 660 1373 brevissimo
703 1330 867 1373 hirtulo
895 1329 1087 1373 suffultis
1132 1330 1290 1372 subtus
1333 1329 1484 1372 nitidis
1505 1329 1646 1372 ovatis
1684 1330 1753 1372 vel
1785 1334 1933 1374 ovato-

214 1387 414 1443 oblongis
437 1390 576 1432 acutis
595 1390 665 1432 vel
692 1388 1051 1440 subacuminatis,
1076 1389 1252 1442 stipulis
1278 1388 1810 1442 semioblongo-sagittatis
1832 1401 1932 1433 acu-

216 1448 392 1491 minatis
418 1448 513 1490 basi
536 1448 703 1491 minute
731 1448 1024 1500 denticulatis,
1053 1447 1314 1502 pedunculis
1338 1447 1590 1490 multifloris
1617 1447 1716 1490 folio
1743 1448 1816 1489 vix
1841 1449 1931 1491 lon-

216 1506 428 1560 gioribus,
449 1507 607 1561 calycis
634 1507 774 1561 glabri
797 1507 953 1549 lacinia
976 1507 1172 1549 inferiori
1193 1509 1378 1561 anguste
1406 1506 1644 1549 lanceolata
1671 1506 1774 1549 tubo
1798 1509 1931 1562 aequi-

220 1566 346 1620 longa
387 1566 645 1609 lateralibus
683 1566 1164 1619 oblongo-lanceolatis
1216 1565 1437 1620 supremis
1475 1565 1751 1608 brevissimis
1787 1567 1926 1609 ovatis

214 1625 396 1668 obtusis·
414 1625 695 1676 mucronatis,
723 1626 882 1667 corolla
911 1625 1099 1667 maxima
1124 1625 1382 1668 ochi-oleuca
1408 1625 1522 1668 sicca
1551 1624 1827 1678 fuscescenti,
1848 1626 1928 1669 alis

212 1684 362 1731 carina
386 1684 763 1733 subbrevioribus‚
798 1684 1018 1737 legumine
1054 1683 1209 1726 lineari
1240 1684 1391 1738 glabro
1427 1685 1549 1739 apice
1568 1684 1734 1726 sensim
1756 1687 1926 1728 acutato

225 1750 282 1791 26.
311 1743 356 1786 Ο.
378 1742 618 1786 Orientalis
646 1755 738 1785 var.
756 1742 1067 1796 prandiflorus
1093 1742 1235 1786 Boiss.
1255 1743 1358 1785 Mss.

258 1810 360 1846 Halo.
380 1809 421 1845 in
440 1808 645 1855 sylvaticis
662 1809 806 1845 Libani
823 1819 869 1845 su
899 1820 942 1845 ra
958 1809 1070 1846 Eden
1087 1809 1304 1856 (Reygasse
1317 1811 1353 1855 l),
1373 1810 1415 1845 in
1432 1809 1560 1855 sylvis
1579 1810 1764 1846 abietinis
1781 1812 1926 1847 Amani

210 1857 337 1903 Syriae
355 1856 527 1893 borealis
544 1867 664 1903 supra
682 1856 820 1892 Beilan
842 1856 861 1902 (
900 1867 935 1903 y.
955 1867 1035 1893 exs.
1053 1857 1140 1893 294!
1168 1858 1245 1893 sub
1265 1856 1306 1894 O.
1330 1857 1544 1904 loevz'yato).

257 1912 471 1968 Bipedalis,
489 1912 629 1949 foliola
646 1913 762 1957 2-22s2
783 1913 943 1959 pollices
962 1913 1083 1960 longa
1101 1914 1212 1950 12-15
1226 1914 1351 1950 lineas
1367 1913 1458 1959 lata,
1478 1913 1626 1950 corolla
1643 1915 1817 1951 maxima
1841 1916 1926 1963 pol-

209 1960 340 1996 licaris
358 1963 396 1996 et
412 1961 579 2006 longior,
599 1962 645 1996 ea
665 1959 705 1996 O.
725 1960 822 1996 latei
836 1960 969 2007 duplo,
990 1960 1031 1997 O.
1051 1961 1170 1998 aurei
1182 1961 1230 1997 tri
1259 1961 1299 1997 lo
1316 1961 1482 2007 longior.
1502 1961 1648 1997 Praeter
1665 1962 1765 1997 hanc
1789 1966 1925 2000 notam

203 2007 404 2053 glabritie,
424 2007 529 2043 foliis
548 2007 688 2043 subtus
707 2018 786 2042 non
807 2008 954 2053 glaucis
974 2008 1025 2044 ab
1049 2007 1090 2045 O.
1110 2009 1212 2045 lateo
1280 2022 1324 2042 z:
1342 2008 1526 2055 laevzjqato
1543 2008 1652 2053 WK.‚
1678 2009 1812 2055 calyce
1838 2011 1922 2057 gla-

209 2055 281 2091 bro
298 2055 453 2102 alisque
469 2055 602 2091 carina
621 2055 873 2091 brevioribus
890 2055 940 2090 ab
961 2054 1002 2092 O.
1021 2066 1144 2092 aureo
1162 2056 1383 2092 distinctus.

800 2196 955 2244 PISUM
992 2196 1055 2256 (L.
1091 2195 1190 2244 Gen.
1219 2194 1343 2254 870).

269 2302 437 2358 Calycis
466 2304 598 2346 tubus
619 2304 713 2346 basi
736 2303 954 2358 obliquus.
985 2304 1203 2346 Vexillum
1237 2304 1320 2346 late
1346 2303 1581 2348 obovatum
1609 2306 1677 2348 vel
1706 2306 1920 2350 orbicula-

206 2366 313 2406 tum.
338 2364 430 2405 Alae
457 2364 614 2405 carinae
639 2363 924 2406 adhaerentes.
965 2363 1210 2406 Staminum
1246 2363 1399 2416 vagina
1424 2375 1499 2406 ore
1536 2365 1731 2419 aequalis.
1770 2365 1920 2420 Stylus

205 2424 342 2465 latere
379 2423 575 2465 inferiori
609 2422 1102 2476 complicato-carinatus
1145 2425 1187 2464 et
1219 2422 1531 2466 canaliculatus
1566 2425 1796 2477 superiore
1823 2426 1920 2467 bar-

206 2482 349 2524 batus.
378 2481 599 2536 Legumen
622 2482 785 2524 lineare
816 2481 915 2535 plus
953 2482 1099 2524 minus
1123 2482 1455 2536 complanatum.
1485 2507 1540 2513 -
1572 2481 1732 2526 Herbae
1765 2496 1920 2527 annuae

202 2541 273 2584 vel
300 2553 517 2595 perennes
543 2541 659 2583 foliis
681 2540 868 2595 abrupte
891 2541 1099 2595 pinnatis,
1133 2541 1291 2595 pellolo
1315 2541 1512 2584 cirrhoso
1535 2542 1605 2583 vel
1631 2542 1826 2586 aristato.

202 2693 324 2737 SEcr.
356 2693 389 2736 Ι.
429 2693 738 2737 Lopnoraoms.
772 2693 899 2736 Jaub.
936 2696 979 2736 et
1017 2693 1088 2748 Sp.
1118 2693 1179 2735 Ill.
1208 2693 1373 2736 Orient.
1406 2693 1440 2746 I,
1472 2707 1513 2748 p.
1550 2693 1623 2736 91.
1660 2717 1715 2723 --
1743 2673 1919 2736 Carina

498 2752 656 2795 subtus
677 2756 717 2795 et
732 2752 874 2795 antica
893 2752 1092 2795 cristata.
1122 2752 1279 2795 Herboe
1296 2765 1470 2807 annuoe,
1492 2752 1652 2807 petiole
1674 2764 1765 2795 non
1787 2764 1917 2795 cana-

498 2811 677 2855 liculato
705 2811 966 2865 cirrlnjfero,
994 2812 1176 2865 stipulis
1202 2812 1375 2865 amplis.

268 2908 299 2948 1.
333 2905 389 2948 Ρ.
417 2906 684 2950 sativum
711 2904 780 2959 (L.
808 2905 884 2960 Sp.
920 2906 1053 2961 1026)
1077 2918 1273 2948 aunuum
1300 2905 1499 2959 glabrum
1519 2906 1814 2958 glaucescens,
1838 2904 1914 2948 sti-

200 2965 316 3019 pulis
347 2965 487 3009 ovatis
526 2965 826 3008 semicordatis
865 2966 958 3008 basi
990 2965 1264 3020 inaequaliter
1306 2964 1495 3007 dentatis
1527 2964 1709 3018 petiolos
1746 2964 1908 3019 saepius
