2045 3227
164 211 398 260 fflyonella.
872 219 1150 246 LEGUMINOSAE.
1811 212 1863 248 75

159 294 315 348 calycis
345 293 550 336 corollam
577 290 875 346 subaequantis
907 290 1074 333 lacIniis
1104 291 1322 334 subulatis
1355 291 1458 335 tubo
1487 292 1856 346 sublongioribuS‚

158 353 450 407 leguminibus
475 351 683 405 adpresse
709 350 836 392 hirtis
878 349 1118 393 linearibus
1145 350 1492 404 subcompressis
1520 352 1628 393 semi
1669 353 1738 394 vel
1775 352 1863 394 cirss

158 412 364 454 culariter
382 410 578 453 incurvis
605 410 809 452 stellatim
828 409 1076 462 patentibus
1095 409 1409 452 obtusiusculis
1426 412 1681 452 transverse
1700 411 1862 453 reticu-

158 470 465 513 lato-nervosis
485 476 547 523 Θ.

204 544 303 579 Hab.
333 544 374 579 in
409 543 520 578 siccis
540 542 736 577 Armeniae
762 541 933 577 Rossicae
951 541 1089 586 (Koch,
1123 541 1282 577 Seidlitz
1315 552 1363 577 ex
1377 541 1509 588 Bgel),
1538 554 1648 590 prov.
1683 544 1855 590 Talysch

157 590 214 636 (C.
232 592 276 626 A.
295 590 357 635 M„
382 590 473 626 Hoh
483 591 508 635 1)
527 590 668 625 Persiae
687 590 767 625 bor.
787 599 908 635 prope
925 588 1128 624 Schahrud
1144 589 1242 635 (Bge
1254 590 1289 634 l).

202 656 334 692 Flores
353 655 634 701 sesquilineam
650 654 770 700 longi,
785 653 985 699 legumina
996 653 1084 689 8-10
1095 653 1160 688 lin.
1174 653 1294 700 longa
1306 654 1347 699 Ἃ
1360 653 1506 690 lineam
1517 654 1609 697 lata,
1622 665 1667 690 ea
1683 655 1722 690 T.
1740 656 1859 691 stria—

157 707 207 740 toe
221 703 428 738 referentia
448 702 516 737 sed
537 701 781 748 pedunculus
802 701 1022 736 communis
1039 700 1185 736 nullus.

217 850 285 892 23.
319 849 375 891 Τ.
409 848 670 904 spinosa.
711 847 788 902 (L.
824 847 895 902 Sp.
943 847 1076 902 1094)
1109 859 1237 901 parce
1278 850 1320 890 et
1354 847 1710 901 adpressiuscule
1744 847 1857 889 hirta

157 912 301 951 erecta
350 909 418 950 vel
466 908 637 958 diffusa,
681 907 854 961 stipulis
896 906 1108 949 brevibus
1147 907 1471 960 semisagittatis
1507 906 1667 957 incisis⁷
1700 906 1857 948 foliolis

156 968 337 1010 obovato
377 967 447 1010 vel
490 966 939 1010 obcordato-cuneatis
976 966 1096 1019 apice
1131 965 1332 1018 dentatis,
1370 965 1616 1020 pedunculo
1651 965 1857 1007 subnullo

155 1026 348 1077 aristam,
375 1025 558 1068 floribus
587 1026 662 1067 3-4
689 1025 932 1076 sessilibus‚
968 1024 1124 1077 calycis
1150 1025 1310 1066 corolla
1337 1025 1466 1066 tertia
1494 1026 1617 1078 parte
1640 1024 1857 1065 brevioris

156 1085 321 1128 laciniis
344 1084 818 1127 lanceolato-subulatis
844 1083 949 1126 tubo
977 1083 1345 1136 sublongioribus,
1374 1083 1664 1136 leguminibus
1695 1082 1858 1135 glabris

155 1144 405 1199 patentibus
428 1143 667 1186 linearibus
705 1143 967 1196 compressis
1001 1143 1110 1184 semi
1141 1143 1209 1184 vel
1232 1142 1502 1184 circulariter
1531 1142 1727 1183 incurvis
1758 1153 1857 1184 acu-

159 1203 212 1246 tis
237 1202 411 1245 'nervis
453 1202 660 1245 tenuibus
717 1201 985 1243 transversis
1029 1201 1303 1255 subobliquis
1346 1200 1858 1244 subanastornosantibus

156 1262 308 1304 obsitis
331 1262 392 1309 Θ.
417 1262 576 1315 Breyn.
601 1260 720 1303 Cent.
745 1261 829 1302 tab.
859 1262 929 1313 33,
956 1261 1025 1314 fig.
1052 1262 1087 1302 1.

203 1336 306 1371 Hah.
332 1336 372 1371 in
396 1334 631 1382 graminosis
658 1337 694 1370 et
721 1334 770 1369 ad
801 1334 885 1370 vias
912 1334 1035 1370 Cretae
1066 1335 1132 1378 (ex
1165 1333 1355 1378 Linnaeo),
1385 1332 1514 1368 Rhodi
1544 1333 1584 1367 in
1612 1332 1779 1368 collibus
1806 1334 1853 1367 ad

156 1382 315 1418 Bastida
331 1383 526 1428 (Bourgo,
547 1382 670 1428 Syriae
697 1381 879 1417 littoralis
908 1381 961 1417 ad
979 1381 1199 1426 Berythum
1230 1383 1267 1416 et
1294 1380 1481 1416 Sidonem
1499 1382 1618 1426 atque
1640 1381 1681 1415 in
1701 1380 1854 1415 Libano

155 1429 262 1476 (Bu),
277 1430 483 1466 Palestinae
501 1439 622 1476 prope
639 1429 956 1474 Hierosolymam
975 1428 1106 1473 (Boiss
1118 1429 1153 1473 Ξ).
1174 1428 1228 1463 Fl.
1248 1430 1340 1475 Apr.

204 1490 475 1537 Semipedalis,
489 1491 604 1526 flores
623 1490 645 1525 2
671 1489 796 1525 lineas
814 1490 883 1525 vix
900 1489 1021 1535 longi,
1039 1489 1240 1535 legumina
1258 1488 1599 1535 sesquipollicaria
1614 1489 1761 1524 lineam
1780 1489 1859 1524 fere

159 1538 252 1583 lata,
288 1539 441 1574 semina
477 1538 680 1584 speciebus
705 1537 793 1573 aliis
825 1537 1008 1572 sectionis
1044 1536 1171 1572 multo
1205 1537 1364 1572 densius
1391 1536 1855 1582 tuberculato-punctata;

161 1586 292 1621 nervis
311 1585 557 1631 leguminum
584 1585 767 1620 tenuibus
795 1584 1034 1619 distantibus
1060 1594 1202 1630 parum
1228 1584 1617 1619 anastomosantibus
1645 1594 1714 1619 nec
1739 1584 1859 1629 dense

164 1632 376 1668 reticulatis
394 1633 443 1668 ab
461 1632 645 1668 affinibus
664 1631 969 1668 distinctissima.

507 1733 549 1774 4-
601 1732 643 1774 -f-
694 1729 914 1776 Legumina
930 1729 1100 1776 capitata
1117 1729 1254 1765 brevia
1272 1739 1495 1765 numerosa.

217 1878 284 1919 24.
315 1877 369 1920 Τ.
397 1877 702 1933 crassipes
730 1877 891 1933 (Boiss.
916 1877 1068 1932 Diagn.
1097 1877 1190 1920 Ser.
1211 1878 1242 1931 1‘,
1266 1879 1305 1928 2,
1334 1890 1373 1932 p.
1395 1878 1472 1932 23)
1497 1878 1706 1931 adpresse
1727 1877 1856 1933 hirta.

159 1936 355 1978 caulibus
385 1937 633 1991 prostratis,
659 1937 833 1991 stipulis
860 1937 1070 1979 brevibus
1098 1937 1602 1991 semisagittatis,i'oliolis
1621 1936 1767 1990 parvis
1783 1938 1858 1978 ob-

155 1995 495 2049 triangularibus
521 1995 684 2038 retusis
711 2007 902 2050 superne
925 1996 1215 2049 denticulatis,
1243 1996 1488 2050 pedunculo
1526 1996 1716 2037 florifero
1751 1997 1853 2037 sub-

156 2055 274 2097 nullo
298 2054 518 2097 fructifero
545 2055 783 2097 incrassato
809 2055 1005 2107 elongato
1028 2055 1127 2097 folio
1152 2055 1368 2107 breviore,
1392 2055 1577 2097 floribus
1602 2056 1705 2096 5-110
1729 2055 1854 2096 mini-

156 2113 240 2155 mis
269 2113 498 2156 sessilibus
534 2113 669 2155 dense
703 2113 913 2167 capitatis,
937 2114 1093 2168 calycis
1124 2114 1283 2156 corolla
1310 2115 1465 2168 quarta
1492 2117 1613 2168 parte
1638 2113 1855 2155 brevioris

158 2172 366 2214 dentibus
395 2172 500 2215 tubo
539 2172 909 2226 sublongioribus,
936 2173 1228 2226 leguminibus
1270 2173 1425 2215 erectis
1453 2172 1758 2226 subparallelis
1782 2173 1856 2214 ad-

156 2242 309 2284 presse
330 2231 512 2274 hIrsutis
536 2231 1062 2286 lineari-subcompressis
1089 2232 1219 2274 rectis
1242 2231 1406 2274 strictis
1434 2235 1688 2274 transverse
1719 2244 1855 2284 rugu-

158 2290 249 2332 loso
273 2291 438 2333 striatis
461 2290 629 2333 suturis
657 2290 818 2333 crassis
852 2292 913 2338 Θ.

204 2364 302 2400 Hah.
320 2365 361 2399 in
378 2364 544 2401 collibus
562 2367 599 2400 et
617 2364 730 2400 cultis
748 2365 943 2401 derelictis
965 2365 1088 2401 Cariae
1107 2366 1148 2401 in
1177 2365 1350 2402 vallibus
1369 2365 1509 2401 Cadmi
1525 2365 1656 2410 (Boiss
1669 2367 1705 2410 l),
1721 2366 1857 2411 Lydia·

157 2412 198 2447 in
215 2412 416 2448 cacumine
437 2412 564 2459 Sipyli
586 2414 623 2447 et
649 2412 833 2458 Phrygiae
851 2413 901 2448 ad
928 2412 1089 2448 Ouchak
1119 2412 1207 2457 (Bal
1221 2414 1257 2458 l),
1285 2413 1413 2459 Lyciae
1438 2414 1487 2448 ad
1514 2413 1669 2448 Elmalu
1695 2413 1855 2459 (Bourg.

158 2468 237 2494 exs.
260 2459 341 2504 801)
367 2459 626 2506 Cappadociae
649 2459 834 2495 australis
867 2459 931 2495 alt.
950 2459 1054 2496 5000‘
1074 2462 1113 2495 et
1130 2460 1274 2495 Cinciae
1293 2459 1475 2495 littoralis
1500 2460 1640 2505 (Ball),
1660 2462 1855 2495 Armeniae

159 2505 207 2541 ad
230 2505 585 2552 Baibutfflourgl),
604 2506 726 2552 Syriae
745 2507 845 2542 inter
871 2507 1022 2554 Aleppo
1059 2510 1096 2542 et
1131 2507 1274 2543 Aintab
1306 2507 1522 2552 (Haussk!)
1557 2510 1593 2542 et
1628 2508 1858 2542 Antilibano

157 2563 278 2599 prope
307 2553 512 2600 Rascheya
541 2553 722 2599 (Boissl).
747 2553 911 2590 F1.Jun.

158 2661 184 2697 l·
205 2615 346 2709 Caules
357 2616 644 2699 lsimipedales'
671 2617 791 2653 flores
819 2618 887 2653 vix
913 2617 936 2653 2
962 2617 1086 2653 lineas
1111 2617 1235 2663 longi,
1262 2616 1444 2663 legumen
1475 2616 1582 2652 10-11
1610 2616 1676 2652 lin.
1693 2616 1858 2662 longum

175 2673 273 2698 ineae
323 2683 334 2701 ⁵
374 2674 492 2700 aum.

220 2803 288 2843 25.
320 2801 378 2844 Τ.
411 2797 610 2858 rigida
649 2803 809 2859 (Boiss.
835 2807 878 2847 et
907 2804 994 2847 Bal.
1028 2805 1177 2859 Diagn.
1206 2804 1296 2847 Ser.
1327 2804 1379 2855 ΙΙ,
1408 2806 1453 2857 5,
1480 2817 1518 2858 p.
1550 2804 1623 2859 79)
1646 2805 1856 2858 adpresse

115 2871 118 2874 ·
159 2860 285 2912 hirta,
320 2861 518 2904 caulibus
545 2862 754 2906 brevibus
777 2864 1178 2918 procumbentibus,
1207 2863 1380 2918 stipulis
1406 2864 1725 2916 seniisagittatis
1754 2864 1857 2905 ‹len-

158 2920 259 2962 tatis
286 2921 355 2962 vel
372 2920 534 2973 incisis,
561 2922 718 2964 foliolis
745 2922 891 2976 parvis
917 2923 1318 2966 obovato-cuneatis
1337 2934 1528 2976 superne
1557 2923 1759 2970 dentatiS,
1783 2935 1856 2976 pe—

160 2978 347 3021 dunculo
374 2979 634 3023 brevissimo
659 2981 833 3024 demum
858 2981 982 3023 valde
1007 2982 1261 3034 incrassato,
1291 2981 1474 3024 floribus
1500 2982 1601 3023 7-12
1630 2981 1764 3023 dense
1791 2993 1855 3022 ca·
