2045 3227
103 253 225 290 Rosa.
844 259 1048 286 ROSACEAE.
1739 252 1815 289 675

99 336 295 380 setuloso
323 333 487 377 laciniis
511 331 715 386 calycinis
750 332 882 375 rectis
907 331 1192 375 subindivisis
1220 331 1263 374 in
1288 331 1468 374 caudam
1498 332 1808 377 subdilatatam

102 394 366 437 abeuntibus
390 395 596 447 superato
624 398 660 440 ὅ.

150 459 251 495 Hab.
269 459 309 494 in
327 458 495 495 collibus
513 458 710 493 Armeniae
729 467 847 504 prope
865 456 1036 492 Baibout
1054 457 1218 503 (Bourg.
1239 467 1317 491 exs.
1336 456 1463 502 18621)

147 513 392 549 Foliolorum
408 512 535 548 forma
552 512 667 548 refert
684 511 732 549 R.
757 512 1076 548 cz'nnamomeam
1102 512 1171 547 sed
1200 511 1284 546 haze
1318 511 1437 547 habet
1467 512 1562 547 folia
1585 513 1724 549 subtus
1753 517 1809 550 te-

100 561 291 596 nuissime
310 560 575 607 pubescentia,
593 560 643 594 sti
675 559 764 595 ulas
783 558 940 594 florales
964 559 1081 595 valde
1107 559 1304 599 dilatatas,
1322 559 1462 594 tubum
1482 559 1702 604 calycinum
1724 561 1806 606 gla-

98 607 316 643 berrimum
335 609 371 643 et
390 607 551 654 insuper
585 570 731 642 acifieis
766 606 976 651 geminatis
993 606 1109 652 longe
1127 605 1266 641 differt.
1288 606 1335 642 R.
1355 606 1540 642 Armena
1559 618 1581 642 a
1600 607 1805 653 speciebus

102 655 144 690 R.
166 654 359 691 Orientali
378 656 416 689 et
432 658 659 690 tomentosae
678 653 862 689 affinibus
888 654 1035 688 ovariis
1052 654 1256 689 sessilibus
1275 653 1391 688 distat
1413 655 1450 688 et
1468 664 1515 688 ex
1535 656 1730 690 sententia
1758 655 1804 691 cl.

100 701 229 737 Godet
245 704 284 737 et
302 701 445 748 Crepin
459 711 579 748 prope
600 700 647 737 R.
664 700 884 736 involutam
901 699 979 735 Sm.
1007 711 1094 747 quae
1115 703 1245 736 tamen
1273 700 1431 736 aculeos
1455 701 1665 740 crassiores
1684 702 1806 738 habet

100 748 266 795 probab.
285 748 514 785 collocanda
533 750 602 784 est.
622 748 684 783 An
701 747 862 783 humilis
881 746 945 782 vel
965 747 1070 783 elata
1087 749 1137 783 sit
1155 749 1346 794 ignotum.

640 881 668 937 -g
702 883 742 924 3.
779 904 836 913 --
868 881 1249 936 Elymaitic‘ae.

161 992 227 1034 12.
262 991 323 1034 R.
336 990 688 1046 Elymaitica
701 989 864 1045 (Boiss.
884 993 928 1032 et
946 990 1155 1045 Haussk.]
1172 990 1554 1043 glauco-pruinosa
1570 991 1805 1034 verosimi-

95 1049 200 1094 liter
226 1050 417 1100 humilis,
447 1049 607 1092 aculeis
641 1049 843 1092 omnibus
877 1049 1170 1091 conformibus
1205 1049 1360 1091 validis
1396 1049 1525 1091 rectis
1552 1049 1620 1092 vel
1642 1051 1809 1093 ‘subar-

91 1110 250 1163 cuatis‚
274 1109 449 1163 stipulis
477 1109 771 1152 conformibus
806 1108 1145 1162 triangularibus
1177 1108 1504 1161 divergentibus
1539 1108 1807 1162 pauci-glan-

93 1168 281 1220 dulosis,
328 1167 500 1222 petiolis
536 1166 699 1221 glabris
748 1179 874 1221 parce
917 1166 1169 1221 spinulosis,
1210 1167 1364 1210 foliolis
1410 1169 1434 1209 ὃ
1474 1167 1621 1221 parvis
1664 1168 1807 1211 firmis

87 1227 401 1281 glabriusculis
424 1227 562 1269 ovatis
587 1226 653 1268 vel
678 1226 928 1268 orbiculatis
956 1226 1212 1280 simpliciter
1229 1226 1416 1269 dentatis
1438 1226 1642 1269 dentibus
1664 1227 1804 1270 ovatis

92 1286 301 1340 glandula
332 1285 589 1338 terminatis,
625 1285 809 1328 floribus
845 1287 992 1339 parvis
1028 1285 1234 1327 solitariis
1272 1285 1601 1337 subsessilibus‚
1646 1286 1804 1339 calycis

96 1345 201 1388 tubo
234 1348 359 1387 ovato
396 1345 529 1387 dense
571 1344 1075 1398 spinuloso-glanduloso
1114 1345 1278 1386 laciniis
1319 1344 1570 1387 lanceolatis
1609 1344 1805 1387 caudatis

96 1403 281 1458 integris
315 1405 384 1447 vel
417 1415 546 1458 parce
583 1403 834 1446 lacinulosis
867 1403 1136 1456 glandulosis
1163 1405 1305 1457 petala
1340 1403 1632 1445 albido-rosea
1675 1416 1806 1457 supe-

96 1463 301 1506 rantibus
327 1463 471 1506 sructu
489 1461 666 1517 juniore
685 1462 877 1512 reflexis,
900 1462 1026 1516 stylis
1050 1462 1216 1505 villosis
1245 1464 1343 1517 plus
1369 1462 1513 1505 minus
1539 1463 1748 1516 elongatis
1767 1469 1804 1511 5.

146 1536 248 1572 Hab.
267 1537 309 1572 in
326 1537 504 1572 dumosis
523 1534 667 1583 alpinis
685 1536 795 1582 Teng
811 1536 917 1572 Nalli
931 1535 1075 1571 Persiae
1090 1537 1360 1572 austro-occid.
1376 1536 1441 1572 alt.
1457 1535 1561 1572 7000·
1577 1536 1805 1582 (Hausskl).

155 1601 201 1656 β.
232 1601 490 1644 tomentella.
520 1626 575 1631 —
599 1600 717 1643 Folia
740 1603 947 1654 utrinque
980 1603 1227 1644 tomentella
1257 1602 1415 1645 subtus
1449 1602 1634 1655 cinerea,
1672 1602 1805 1646 flores

92 1658 319 1704 interdum
343 1662 499 1703 2-3-ni.

92 1733 322 1826 (HHa-bklis
362 1733 609 1780 rupestribus
650 1732 833 1769 calcareis
886 1733 1032 1769 montis
1076 1733 1280 1771 Avroman
1321 1734 1589 1771 Knrdistaniae
1635 1736 1802 1772 Persicae

153 1791 243 1816 auss
308 1809 315 1815 .

141 1843 295 1891 Species
313 1844 472 1890 elegans
494 1844 647 1889 habitu,
664 1843 811 1879 foliolis
834 1844 996 1880 minutis
1014 1844 1151 1891 firmis,
1170 1846 1333 1882 floribus
1348 1846 1482 1893 parvis
1502 1846 1550 1883 R.
1568 1847 1806 1894 pimpz'nellz-

96 1891 238 1931 foliam
270 1892 439 1927 referens
471 1892 541 1928 sed
571 1891 696 1927 aculei
726 1901 863 1927 omnes
897 1892 1114 1929 conformes
1146 1895 1185 1928 et
1214 1894 1451 1940 subarcuati,
1487 1893 1617 1940 petala
1652 1895 1805 1930 minora

95 1938 241 1985 sepalis
275 1942 471 1985 superata,
514 1938 650 1985 sepala
677 1939 741 1983 (ex
768 1938 955 1974 affinitate
983 1950 1071 1976 cum
1099 1940 1147 1977 R.
1181 1940 1372 1977 albicantz'
1396 1941 1657 1987 probabiliter
1687 1942 1807 1977 etiam

95 1985 221 2022 fructu
255 1988 427 2032 maturo)
457 1986 613 2022 reflexa.
646 1985 822 2021 Varietas
848 1997 871 2021 a
895 1988 991 2034 typo
1018 1987 1248 2024 indumento
1280 1990 1450 2033 tantum,
1478 1991 1521 2024 ut
1547 1988 1596 2025 R.
1620 1987 1764 2025 collina
1782 1999 1807 2024 a

97 2032 144 2069 R.
163 2031 311 2070 οαηίηᾶ
328 2033 482 2070 differre
500 2034 667 2070 videtur.

157 2176 222 2217 13.
258 2183 317 2222 Β.
357 2175 630 2219 albicans
663 2173 824 2231 (Godet
847 2174 892 2218 in
916 2175 1018 2230 litt.)
1046 2176 1238 2224 humilis,
1263 2176 1397 2218 ramis
1435 2176 1597 2229 glabris
1633 2178 1808 2231 glauco-

95 2234 330 2288 pruinosis,
353 2235 513 2277 aculeis
538 2234 741 2277 omnibus
781 2235 1076 2278 conformibus
1108 2249 1131 2277 a
1169 2235 1261 2279 basi
1293 2235 1469 2278 dilatata
1510 2236 1702 2279 arcuatis
1736 2237 1815 2279 vel

90 2292 288 2346 aduncis,
326 2293 502 2347 stipulis
539 2293 832 2337 conformibus
866 2297 989 2348 parte
1022 2294 1158 2337 libera
1197 2295 1540 2348 triangularibus
1573 2307 1703 2349 parce
1735 2295 1810 2337 vel

97 2351 166 2393 vix
184 2352 465 2406 glandulosis,
479 2348 639 2396 foliolis
659 2353 805 2406 parvis
822 2353 961 2396 firmis
983 2353 1385 2396 ovato-orbiculatis
1406 2354 1611 2408 utrinque
1636 2357 1804 2397 tomen-

94 2411 201 2453 tosis
224 2411 481 2466 simpliciter
505 2412 694 2454 dentatis
718 2411 925 2455 dentibus
949 2412 1068 2466 apice
1098 2413 1284 2465 callosis,
1318 2413 1489 2467 petiolis
1524 2413 1807 2466 tomentellis,

95 2468 277 2513 floribus
310 2471 458 2525 parv1s
493 2470 810 2514 subsessilibus
841 2471 1047 2514 solitariis
1086 2472 1155 2514 vel
1194 2473 1380 2524 2·3-nis,
1415 2472 1664 2526 pedunculo
1693 2472 1807 2525 caly-

95 2527 243 2583 cisque
267 2530 372 2574 tubo
398 2532 526 2572 ovato
552 2529 1098 2584 glanduloso-spinellosis,
1120 2531 1287 2573 laciniis
1314 2531 1496 2584 integris
1515 2531 1584 2573 vel
1603 2530 1812 2575 lacinulis

94 2589 244 2640 paucis
267 2589 404 2632 auctis
430 2589 586 2643 petalis
609 2589 717 2630 albis
746 2589 813 2631 vel
840 2589 1001 2643 pallide
1028 2588 1170 2632 roseis
1197 2590 1475 2632 brevioribus
1499 2590 1690 2632 fructum
1718 2603 1810 2632 ma-

95 2649 242 2690 turum
267 2647 575 2691 coronantibus
602 2647 794 2700 reflexis,
819 2648 946 2702 stylis
974 2649 1185 2691 brevibus
1207 2649 1376 2691 villosis
1403 2655 1439 2698 32.

141 2720 240 2757 Hah.
266 2723 306 2757 in
327 2722 472 2758 Persiae
499 2721 618 2758 occid.
650 2722 818 2757 dumetis
849 2723 995 2758 montis
1019 2723 1181 2758 Parrow
1211 2734 1331 2770 prope
1356 2723 1654 2760 Kermanschah
1678 2722 1807 2760 5000‘4

92 2766 201 2804 '6000’
221 2769 448 2814 (Hausskl).
466 2779 587 2816 prope
604 2768 783 2804 Teheran
803 2769 912 2816 (Bge.
933 2780 1012 2805 exs.
1031 2771 1101 2814 71).

155 2834 199 2889 β.
216 2835 483 2888 fleoeicaulis.
511 2861 565 2866 -ω
599 2836 722 2878 Rami
747 2838 997 2890 graciliores
1025 2838 1231 2890 flexuosi,
1264 2838 1401 2880 aculei
1425 2838 1618 2880 minores
1642 2840 1811 2883 arcuati

99 2905 181 2936 nec
202 2894 370 2938 adunci.
400 2920 451 2926 —
483 2896 535 2938 R.
555 2895 810 2948 flesce'eauh‘s
836 2895 976 2939 Godet
1001 2897 1045 2939 in
1073 2897 1155 2941 litt.

149 2967 250 3004 Hab.
270 2969 310 3005 in
329 2971 463 3006 monte
480 2970 546 3006 Pir
564 2969 683 3005 Omar
699 2969 866 3005 Gudrun
886 2969 1151 3006 Kurdistaniae
1170 2971 1314 3006 Persia>
1334 2970 1512 3015 (Haussk
1525 2972 1564 3016 l).

141 3030 295 3079 Species
322 3035 472 3070 statura
489 3033 642 3078 humili,
669 3033 786 3079 foliis,
812 3033 977 3069 floribus
996 3034 1132 3081 parvis
1150 3034 1197 3071 R.
1219 3034 1470 3081 Elczsmaz'tz‘cae
1488 3034 1605 3071 valde
1626 3035 1754 3071 affinis
1773 3037 1816 3070 et.
