1984 3221
135 241 206 277 762
816 238 1147 269 cucmffmm.
1643 231 1834 280 Bryom‘a.

185 328 278 364 Hah
295 327 334 363 in
350 327 526 363 districtu
543 324 691 370 Boglan
717 322 915 359 Armeniae
939 320 1122 357 australis
1148 320 1198 356 ad
1231 320 1398 357 fluvium
1424 320 1565 357 Murad
1588 322 1688 358 inter
1711 331 1837 370 pagos

137 377 272 421 Norey
289 378 326 410 et
344 375 486 420 Angag
505 372 569 408 alt.
587 371 690 408 3500’
710 370 837 416 (Kyl).

194 441 238 496 β.
273 438 550 481 condensata.
577 460 633 466 —
655 434 828 477 Racemi
856 432 1096 476 abbreviati
1120 433 1260 476 baccis
1286 433 1574 476 condensatis.

192 514 292 550 Hah.
310 514 350 548 in
369 510 545 547 dumosis
562 507 824 544 Kurdistaniae
843 505 1040 542 orientalis
1055 508 1092 541 et
1106 505 1249 541 Persiae
1263 506 1514 541 conterminae
1528 505 1593 542 alt.
1607 505 1835 543 5000’-7000·

140 562 181 597 in
198 560 397 596 montibus
416 558 480 594 Pir
496 557 616 593 Omar
631 555 808 598 Gudrun,
826 553 1056 599 Pendjawin
1073 554 1111 588 et
1127 553 1323 598 Awiheng
1340 552 1571 598 (Hausskl).

186 626 221 660 A
240 621 523 668 congeneribus
541 618 715 666 specifice
733 617 886 653 differre
905 616 1061 652 videtur
1074 616 1178 652 foliis
1198 616 1353 661 magnis
1371 617 1494 662 (saepe
1512 616 1835 663 semipedalibus)

141 671 210 708 vix
227 669 365 706 divisis
383 670 493 704 acute
510 666 655 703 lobatis
674 674 802 701 crasse
819 662 1070 699 tuberculatis
1088 664 1157 700 vix
1173 663 1396 717 papillosis;
1418 663 1560 699 racemi
1577 663 1619 699 in
1636 666 1731 711 typo
1746 674 1836 700 cum

143 715 364 765 pedunculo
387 716 470 760 'la-1
489 712 658 761 pedales,
673 713 714 748 in
731 711 918 747 varietate
935 710 1061 764 mult-o
1079 710 1278 746 breviores
1297 712 1336 746 et
1358 711 1549 764 compacti
1567 711 1632 764 sed
1652 712 1842 748 transitus

142 765 192 800 ad
208 767 347 811 typum
361 761 590 809 praebentes,
609 760 736 795 baccae
752 768 883 804 magn.
897 756 946 794 B.
959 757 1104 804 daozcoe,
1119 758 1233 794 flores
1246 757 1413 794 masculi
1425 760 1464 793 et
1475 757 1647 794 faemlnei
1659 759 1838 795 nondum

141 813 234 847 noti.

200 947 239 987 6.
273 943 332 986 B.
368 942 504 986 alba
535 940 600 996 (L.
639 938 711 993 Sp.
752 936 882 993 1438)
913 937 1119 989 monoica,
1157 936 1271 979 foliis
1310 935 1497 979 cordatis
1529 935 1839 991 quinquelobis

140 1004 324 1046 dentatis
365 999 728 1053 calloso-asperis,
768 996 952 1040 floribus
994 995 1203 1038 faemineis
1237 997 1282 1037 iu
1321 995 1837 1049 racemos·corymbosos

140 1063 264 1116 longe
280 1060 592 1115 pedunculatos
610 1056 846 1111 dispositis,
868 1054 1086 1109 calycibus
1106 1054 1315 1096 faemineis
1333 1054 1534 1096 corollam
1550 1053 1837 1108 aequantibus,

140 1120 413 1174 stigmatibus
439 1117 615 1172 glabris,
642 1115 783 1158 baccis
808 1114 945 1168 nigris
978 1117 1034 1160 36.
1061 1113 1117 1155 Ic.
1148 1112 1348 1155 Schkuhr
1371 1112 1455 1155 tab.
1486 1113 1584 1155 316.

190 1193 290 1229 Hab.
318 1193 358 1227 in
387 1191 547 1237 sepibus
576 1191 613 1224 et
629 1188 798 1224 dumetis
829 1187 994 1232 Tauriae,
1027 1185 1190 1226 Caucasi
1222 1187 1259 1221 et
1287 1195 1397 1232 prov.
1425 1185 1841 1221 Transcaucasicarum

145 1242 277 1286 (Stev,
295 1240 334 1275 C.
356 1242 399 1274 A.
418 1238 531 1283 Mey,
552 1235 776 1281 Hohen.).E
791 1235 938 1271 ditione
950 1233 1125 1270 nondum
1138 1232 1232 1271 vidi.
1250 1232 1386 1268 Turcis
1404 1231 1534 1269 ιΙαόανι
1551 1231 1748 1279 Kabayhi,
1765 1231 1840 1268 Ta-

144 1289 237 1324 taris
256 1285 424 1323 Koreske
445 1284 567 1330 Isjum
584 1283 702 1318 audit.

190 1352 250 1387 Ar.
274 1352 405 1395 Geoqr.
432 1349 587 1394 Europa
613 1347 829 1393 praesertim
858 1346 1026 1382 borealis
1059 1349 1096 1382 et
1121 1344 1322 1381 orientalis
1351 1356 1374 1381 a
1400 1344 1548 1389 Suecia,
1571 1343 1783 1380 Germania
1801 1346 1838 1380 et

146 1399 330 1434 Helvetia
347 1397 394 1432 ad
413 1394 657 1440 Hungariam
675 1395 715 1430 et
733 1394 921 1429 Rossiam.

468 1537 868 1586 RnYNcllocARPA
901 1537 1094 1597 (Schrad.
1128 1538 1249 1585 Linn.
1278 1537 1372 1588 xli,
1391 1536 1509 1598 403).

208 1650 358 1692 Flores
379 1646 562 1689 monoici
592 1647 657 1688 vel
681 1646 818 1699 dioici,
842 1645 1023 1688 masculi
1048 1647 1258 1688 racemosi
1284 1646 1353 1688 vel
1371 1645 1632 1699 corymbosi,
1658 1644 1839 1704 faeminlei

106 1703 111 1705 ’
148 1707 381 1752 fasciculati
410 1707 476 1748 vel
501 1705 693 1747 solitarii.
719 1704 852 1758 Calyx
874 1704 1202 1758 campanulatus
1228 1705 1401 1747 5sslobus
1433 1705 1552 1747 intus
1575 1703 1730 1758 glaber.
1759 1703 1840 1748 Co-

146 1768 251 1811 rolla
273 1769 411 1809 rotata
429 1764 648 1819 5-partita.
677 1764 808 1806 Maso.
831 1763 1023 1806 Stamina
1047 1764 1070 1804 3
1093 1763 1324 1806 filamentis
1348 1762 1572 1816 brevibus,
1590 1762 1765 1805 anthera
1780 1765 1840 1806 al—

146 1829 239 1870 tera
266 1824 523 1868 uniloculari
559 1823 727 1866 caeteris
753 1822 1063 1866 bilocularibus
1106 1822 1257 1864 loculis
1288 1822 1482 1865 incurvis
1512 1821 1756 1864 connectivo
1792 1823 1838 1865 in

147 1885 424 1940 appendicem
448 1882 622 1925 bifidam
642 1883 801 1936 saepius
816 1881 1041 1936 producto.
1069 1879 1181 1922 Fam.
1208 1881 1448 1924 Staminum
1464 1880 1709 1923 rudimenta
1725 1882 1837 1924 nulla

149 1946 217 1987 vel
245 1944 432 1985 minima.
458 1941 663 1985 Ovarium
687 1945 861 1984 ovatum
888 1942 1125 1983 rostratum
1157 1941 1365 1994 placentis
1389 1940 1550 1992 ternis,
1577 1940 1722 1982 discus
1745 1940 1837 1982 obs-

151 2015 282 2046 curus
298 2037 307 2055 ,
339 2001 481 2055 stylus
498 2000 659 2052 brevis,
687 2001 886 2054 stigmata
913 2000 1002 2051 2-3,
1028 2000 1157 2041 ovula
1180 2012 1314 2053 pauca
1335 1999 1627 2042 horizontalia.
1655 1998 1836 2041 Fru<tus

151 2061 401 2104 subsessitis
427 2060 626 2101 baccatus
656 2059 929 2101 ventricosus
952 2058 997 2100 in
1018 2059 1212 2101 rostrum
1235 2059 1433 2111 conicum
1453 2057 1692 2111 productus
1723 2056 1836 2100 irdca

150 2121 332 2162 hiscens.
378 2119 548 2162 Semina
587 2120 711 2160 ovata
746 2118 996 2171 marginata.
1023 2140 1077 2147 —
1101 2117 1259 2160 Herbae
1291 2118 1473 2170 graciles
1509 2118 1737 2171 prostratae
1763 2117 1832 2158 vel

151 2179 406 2222 scandentes
431 2177 586 2219 cirrhis
614 2176 897 2231 simplicibus,
920 2176 1103 2219 floribus
1131 2176 1324 2219 minutis.

211 2321 245 2360 1.
279 2318 381 2361 Rh.
409 2318 706 2362 Courboni
732 2317 891 2373 (Nand.
914 2317 1026 2360 Ann.
1051 2317 1118 2360 Sc.
1138 2317 1231 2360 Nat.
1251 2318 1377 2368 1862,
1397 2317 1554 2368 XVIII,
1578 2329 1617 2371 p.
1641 2315 1745 2371 197)
1758 2329 1838 2361 :no-

150 2378 270 2420 noica
290 2378 358 2419 vel
383 2377 536 2420 abortu
564 2377 712 2429 dioica,
740 2377 860 2420 caule
894 2376 1243 2429 suffrutescente,
1269 2376 1451 2429 flagellis
1475 2375 1765 2419 subteretibus
1783 2376 1837 2418 ad

147 2437 283 2479 nodos
309 2436 562 2489 geniculatis
584 2469 593 2487 ,
619 2435 732 2479 foliis
755 2435 974 2489 palmatim
1001 2435 1306 2489 quinquelobis
1330 2435 1553 2477 scabrellis
1579 2433 1687 2476 lobis
1711 2434 1836 2477 deni-

150 2495 301 2537 culatis
335 2495 607 2548 sinubusque
632 2495 897 2541 rotundatis,
927 2494 1110 2537 floribus
1135 2493 1342 2536 masculis
1366 2493 1835 2536 subumbelliformimS

149 2554 395 2595 numerosis
423 2554 544 2606 longe
570 2553 887 2607 pedunculatis,
912 2553 1120 2595 faemineis
1148 2553 1399 2606 glomeratis
1427 2552 1837 2604 subsessilibus,co-

148 2612 256 2654 rolla
283 2613 603 2660 luteo-virente,
627 2612 878 2654 connectivo
905 2611 1019 2654 ultra
1040 2612 1204 2654 loculos
1228 2612 1300 2654 vix
1322 2611 1547 2666 producto,
1568 2611 1709 2653 baccis
1732 2611 1836 2653 oroi-

150 2670 470 2724 deo-apioulatis
490 2671 639 2713 rubris
672 2675 727 2717 25.

196 2744 296 2779 Hab.
318 2745 358 2779 in
381 2755 500 2790 regno
520 2744 754 2780 Mascatensi
772 2744 927 2780 Arabiae
944 2744 1083 2789 (Auch.
1102 2744 1244 2789 45021).

197 2800 352 2846 Species
380 2801 602 2847 sulm-opica
628 2802 696 2836 vix
722 2801 881 2836 ditionis
899 2803 1055 2845 nostrae,
1077 2811 1098 2835 a
1118 2800 1402 2846 congeneribus
1420 2800 1498 2835 fere
1517 2800 1702 2835 omnibus
1721 2799 1838 2835 ralice

152 2847 296 2882 fibros-fi
325 2858 391 2883 nce
416 2848 928 2884 carnoso-tuberculaeformi
956 2847 1180 2892 discedens3
1208 2848 1322 2883 flores
1349 2848 1406 2883 eis
1433 2846 1621 2893 Bryom'ae
1637 2846 1761 2883 dz‘oz‘ca
1778 2846 1835 2882 di-

153 2894 273 2975 migio
292 2894 472 2930 minores.
504 2894 637 2930 Caulis
665 2895 751 2931 basi
774 2895 935 2930 inflatus
960 2894 1192 2940 fusiformis,
1210 2894 1359 2941 flagelli
1376 2894 1480 2930 foliis
1499 2893 1672 2940 delapsis
1691 2894 1835 2929 denum

151 2951 205 2976 nu
236 2951 259 2975 1.

198 3004 257 3038 Ar.
285 3003 414 3050 Geoqr.
440 3004 653 3051 Abyssinia
671 3015 781 3041 secus
798 3014 906 3041 mare
925 3004 1114 3040 Rubrum.
