2015 3227
122 207 451 255 Chrwoplzysllzmz.
816 214 1120 240 UMBELLIFERAE.
1748 206 1819 241 005

122 291 330 343 gioribus,
369 289 510 330 fructu
537 288 661 340 longe
690 286 1102 340 lineari-cylindrico
1134 287 1324 330 obsolete
1366 290 1541 340 costato,
1583 289 1707 341 stylis
1745 288 1816 330 de-

123 349 248 391 flexis
270 347 510 401 stylopodio
533 347 619 388 lato
642 346 837 399 patellari
865 345 1102 397 marginato
1122 346 1388 399 longioribus
1410 346 1480 400 (2).

169 423 270 458 Hab.
289 423 328 457 in
347 423 478 457 monte
497 419 659 455 Nalkuh
679 420 854 464 Assyriae
882 418 1025 454 Persiae,
1053 420 1302 455 contermina}
1329 420 1468 463 (Auch.
1486 419 1624 463 3612&
1645 421 1684 454 in
1705 430 1817 466 quer-

119 470 216 506 cetis
235 469 428 505 montium
448 469 649 503 Avroman
668 468 706 502 et
726 466 883 501 Schahu
901 466 1042 501 Persiae
1064 467 1179 502 occid.
1200 467 1263 502 alt.
1282 465 1386 502 6000'
1406 470 1442 502 et
1460 470 1590 502 monte
1611 467 1697 501 Kuli
1714 466 1815 502 Gelu

123 518 187 552 alt.
209 515 470 555 5000'-10000‘,
488 517 620 550 monte
638 514 727 548 Kuh
748 514 831 549 Nur
849 513 1062 557 (Ilausskl)
1089 514 1128 548 in
1155 514 1289 549 Persia
1312 514 1473 549 australi
1500 515 1638 558 (Auch.
1669 514 1763 549 4020
1781 516 1818 548 et

123 564 265 609 46211),
282 564 322 599 in
342 563 495 599 saxosis
514 562 561 597 ad
581 562 714 597 ruinas
734 560 954 606 Persepolis
973 560 1063 605 (Ky.
1088 560 1202 605 2671).
1231 561 1287 596 Fl.
1305 561 1396 596 Mai.

168 621 304 656 Planta
321 619 565 666 3-4-pedalis,
581 619 673 654 folia
691 617 886 653 interdum
907 617 1060 663 pedalia
1077 617 1398 654 Athamantham
1414 617 1586 654 Siculam
1603 620 1816 664 referentia,

125 668 336 714 pedunculi
353 667 537 703 fructiferi
556 666 632 701 fere
651 665 1032 712 pollica1·es,f1·uctus
1057 664 1120 699 6-9
1146 665 1272 700 lineas
1298 665 1451 710 longus.
1485 666 1636 711 Species
1665 667 1818 701 curiosa

124 715 162 751 C.
181 725 473 762 macrospermo
499 713 625 749 fructu
653 713 761 759 apice
791 713 967 746 truncato
991 712 1174 747 accedens
1200 713 1267 748 sed
1298 713 1401 747 foliis
1432 713 1658 747 tenuissime
1691 714 1816 757 sectis,

122 762 351 798 umbellulae
370 761 533 798 floribus
559 760 743 796 omnibus
766 759 968 801 fertilibus,
994 758 1193 804 pedicellis
1215 759 1344 805 longis
1368 760 1590 795 incrassatis
1609 760 1817 795 distinctis-

123 809 239 855 sima3
258 821 280 845 a
297 810 334 846 C.
354 809 493 846 crinito
512 818 680 854 quocum
699 807 738 842 in
758 806 843 841 Bth.
862 809 899 841 et
918 805 1043 841 Hook.
1063 806 1157 841 Gen.
1177 806 1201 849 l,
1223 817 1256 852 p.
1269 807 1340 842 898
1353 807 1602 852 conjungitur
1618 807 1815 853 pedit-<llis

121 856 364 938 longissimis
401 857 526 891 fructu
562 855 770 901 aequilatis,
810 854 1043 900 stylopodiis
1081 853 1338 899 patellaribus
1371 864 1440 889 nec
1477 854 1620 889 conicis
1658 855 1816 889 omnino

118 913 145 938 a
164 914 266 939 lena.

186 1035 250 1076 11.
288 1033 342 1076 C.
368 1035 883 1086 macrospermum
917 1028 1082 1082 (Willd.
1107 1041 1159 1071 ex
1185 1028 1350 1072 Schult.
1381 1029 1493 1084 Syst.
1524 1030 1595 1076 Vl,
1624 1031 1704 1072 507
1735 1031 1817 1073 sub

117 1091 350 1146 Seandice)
374 1091 493 1133 caule
527 1090 655 1132 tereti
689 1090 799 1131 elato
830 1100 1020 1142 superne
1046 1087 1300 1141 corymbose
1325 1089 1620 1131 ramosissimo
1649 1089 1817 1132 inferne

120 1152 219 1206 pilis
242 1150 434 1193 reversis
460 1149 645 1203 hispido,
673 1149 783 1190 foliis
807 1147 1145 1201 pubescentibus
1171 1147 1453 1190 inferioribus
1477 1148 1630 1201 amplis
1650 1148 1812 1191 ambitu

119 1211 317 1264 oblongis
340 1209 712 1263 tripinnatisectis,
732 1207 948 1261 petiolulis
973 1206 1242 1248 secundariis
1265 1210 1308 1248 et
1325 1207 1532 1249 tertiariis
1550 1207 1817 1259 patentibuS,

121 1269 358 1323 segmentis
385 1268 533 1322 parvis
570 1268 709 1310 ovatis
742 1265 1008 1320 petiolulatis
1048 1265 1092 1307 in
1127 1265 1303 1307 lacinias
1326 1266 1481 1308 breves
1508 1265 1718 1309 lobulatas
1746 1267 1816 1308 vel

121 1327 311 1381 integras
340 1327 691 1381 pinnatipartitis,
720 1326 919 1368 foliorum
952 1336 1222 1366 summorum
1260 1324 1425 1366 laciniis
1452 1325 1599 1378 paucis
1621 1325 1818 1378 setaceis,

118 1387 370 1429 involucelli
392 1386 550 1440 phyllis
578 1385 772 1439 oblongis
814 1383 1068 1426 acuminatis
1110 1383 1199 1425 basi
1234 1384 1434 1426 ciliatulis
1477 1383 1672 1433 deflexiS,
1710 1384 1817 1425 ssore

121 1446 371 1488 umbellulae
410 1445 589 1488 centrali
625 1445 758 1486 fertili
798 1443 964 1485 caeteris
1011 1442 1247 1494 sterilibus,
1290 1443 1444 1496 petalis
1488 1442 1597 1484 albis
1641 1442 1819 1495 glabris,

118 1504 263 1547 fructu
301 1505 426 1558 longo
462 1504 801 1546 lineari-clavato
841 1501 931 1543 basi
972 1504 1192 1543 attenuato
1234 1501 1352 1555 apice
1386 1504 1583 1544 truncato
1610 1500 1816 1554 pedicello

119 1563 379 1606 brevissimo
402 1563 728 1607 subincrassato
755 1561 948 1609 suffulto,
968 1560 1092 1613 stylis
1119 1560 1296 1604 reflexis
1322 1560 1438 1602 disco
1466 1561 1550 1603 lato
1578 1560 1816 1612 marginato

122 1622 391 1675 longioribus
418 1622 511 1677 Θῒ).
537 1621 577 1664 C.
602 1632 975 1673 marrospermum
1007 1619 1054 1660 F.
1091 1622 1134 1662 et
1166 1620 1221 1662 M.
1257 1620 1301 1662 in
1329 1618 1435 1661 Huli.
1461 1619 1656 1673 Talysch.
1681 1631 1722 1672 p.
1747 1619 1815 1661 97.

121 1706 178 1712 -
202 1681 402 1734 Myrrleis
448 1680 618 1722 clavata
653 1680 832 1734 Spreng.
881 1678 996 1733 Syst.
1035 1678 1068 1729 I,
1108 1691 1149 1732 p.
1182 1679 1280 1722 903.
1307 1703 1367 1709 -
1394 1676 1818 1720 Grammosciadimn

116 1740 305 1782 meoicles
343 1753 425 1784 1).c.
466 1740 619 1782 Prodr.
646 1739 717 1791 IV,
745 1752 785 1793 p.
822 1739 919 1782 233.
958 1761 1004 1767 -α
1034 1737 1225 1780 Scandc'oe
1251 1738 1454 1781 Gilanz'ca
1480 1735 1615 1779 Gmel.
1639 1735 1811 1780 Reiseb.

119 1799 170 1853 V,
199 1800 238 1851 3,
262 1799 346 1841 tab.
376 1800 445 1852 31,
473 1799 542 1852 fig.
569 1800 607 1841 Ξ.

167 1873 267 1909 Hah.
290 1873 331 1908 in
349 1873 569 1909 declivibus
588 1872 824 1918 graminosis
850 1871 1020 1917 regionis
1044 1871 1264 1917 subalpinae
1285 1873 1321 1906 et
1337 1870 1491 1917 alpinae.
1512 1870 1694 1905 Armenia
1715 1869 1819 1904 Tur-

116 1920 200 1955 cica
221 1920 400 1965 (Tourn.)
419 1922 457 1955 et
478 1921 518 1955 in
536 1931 645 1966 prov.
664 1919 802 1955 Musch
821 1919 886 1954 alt.
904 1918 1131 1954 moe-6600·
1151 1918 1242 1963 (ΚΥ.
1265 1917 1385 1962 3811),
1411 1918 1450 1953 in
1480 1920 1609 1953 monte
1638 1917 1819 1951 Boelam-

115 1967 226 2012 dagh
246 1968 441 2002 Cataoniae
460 1968 559 2003 inter
577 1967 771 2002 Adiainan
788 1969 826 2002 et
842 1966 1002 2001 Malatia
1020 1965 1197 2009 (Haussk
1211 1967 1247 2010 Ξ),
1273 1965 1459 2000 Armenia
1477 1965 1638 2000 Rossica
1657 1966 1693 1999 et
1710 1973 1815 2009 prov.

120 2013 332 2060 Karabagh
360 2015 525 2059 (Szovw,
557 2025 665 2061 prov.
697 2013 868 2060 Talysch
901 2013 1064 2057 (Hohl),
1099 2012 1232 2048 Persia
1261 2012 1343 2047 bor.
1374 2013 1413 2046 in
1443 2014 1574 2047 monte
1602 2011 1741 2047 Elbrus
1768 2009 1818 2044 ad

117 2062 303 2144 gisassblar
320 2062 410 2107 (Ky.
432 2057 535 2107 451'1)
555 2065 591 2097 et
608 2060 858 2098 occidentalis
876 2061 916 2096 in
937 2062 1069 2095 monte
1086 2059 1239 2095 Kaliser
1258 2059 1325 2095 alt.
1346 2058 1574 2095 7000’-9000‘
1593 2056 1770 2104 (Haussk
1782 2058 1819 2101 1).

172 2138 177 2143 .
225 2121 246 2143 U
270 2138 274 2143 .

166 2165 306 2201 Planta
323 2166 567 2212 4-5-pedalis,
584 2165 679 2200 folia
697 2165 881 2200 inferiora
898 2163 1152 2210 semipedalia
1169 2164 1206 2198 et
1224 2163 1410 2208 longiora,
1429 2162 1575 2198 fructus
1605 2162 1668 2197 8-9
1693 2161 1818 2196 lineas

116 2211 240 2258 longi.
258 2212 515 2258 Synonymon
534 2213 707 2249 Gmelini
724 2222 773 2247 ex
794 2211 1051 2257 descriptione
1069 2213 1107 2245 et
1127 2211 1238 2245 icone
1262 2210 1377 2256 hujus
1404 2210 1531 2256 operis
1549 2219 1572 2245 a
1590 2209 1634 2245 cl.
1653 2208 1817 2244 Ascher-

123 2269 200 2295 son
219 2261 256 2295 et
271 2260 315 2295 cl.
333 2260 450 2296 Kuhn
469 2260 661 2296 benevole
678 2259 976 2295 communicatis
995 2258 1070 2293 huc
1088 2257 1249 2293 adduxi.

801 2402 820 2420 *
870 2402 889 2420 *
938 2403 1137 2439 Perennia.

322 2481 364 2522 4-
415 2477 616 2514 Foliorum
635 2480 836 2524 segmenta
855 2477 895 2512 in
911 2475 1103 2512 lacinulas
1125 2474 1358 2522 pinnatifida
1375 2475 1439 2511 vel
1457 2475 1610 2522 partita.

186 2568 249 2609 12.
284 2567 337 2610 C.
367 2567 759 2611 leucolaenum
785 2567 944 2622 (Boiss.
973 2567 1017 2608 in
1035 2567 1114 2620 Ky.
1143 2567 1201 2620 pl.
1226 2567 1336 2608 1859
1359 2565 1471 2620 exs.)
1497 2576 1702 2619 perenne.
1731 2565 1820 2606 hir-

120 2626 286 2678 tellum,
310 2626 452 2668 radlee
479 2627 686 2678 verticali,
709 2626 905 2669 caulibus
930 2625 1134 2668 tenuibus
1168 2625 1536 2678 subsilnplicibus,
1568 2624 1679 2666 foliis
1703 2623 1816 2665 radi-

119 2685 287 2727 calibus
311 2685 519 2728 brevibus
562 2685 724 2728 ambitu
761 2685 1008 2727 lanceolatis
1045 2683 1472 2738 subbipinnatisectis
1509 2682 1742 2736 segmentis
1777 2682 1820 2723 in

121 2743 330 2786 lacinulas
356 2744 548 2786 breviter
575 2744 834 2786 lanceolatas
870 2743 1054 2797 partitis,
1083 2743 1305 2785 involucro
1327 2741 1614 2795 monophyllo,
1650 2741 1820 2783 involu-

117 2802 241 2844 cellis
267 2802 526 2856 polyphyllis
552 2803 706 2846 foliolis
731 2802 868 2844 ovatis
891 2802 1153 2844 mucronatis
1181 2801 1333 2842 ciliatis
1366 2801 1448 2841 late
1485 2799 1816 2841 albo-membra-

123 2861 267 2903 naceis
297 2861 427 2904 flores
461 2862 833 2916 subaequantibus,
857 2861 1010 2915 petalis
1037 2860 1146 2902 albis
1171 2859 1333 2913 glabris
1359 2858 1641 2909 radiantibus,
1671 2858 1813 2899 fructu

123 2919 287 2970 lineari,
316 2920 570 2973 stylopodiis
605 2920 856 2974 marginatis
880 2918 1036 2962 conicis
1061 2919 1103 2960 iu
1131 2919 1266 2972 stylos
1290 2917 1574 2960 rectiusculos
1600 2917 1662 2959 eis
1687 2916 1817 2969 duplo

122 2977 342 3032 longiores
365 2978 627 3021 abeuntibus
664 2986 723 3028 26.
