1980 3246
133 220 184 256 40
849 228 1123 255 LEGUMINOSAE.
1657 217 1832 257 Genista.

135 303 320 357 longiori
340 304 561 356 profunde
589 302 733 346 trifido
768 303 972 346 dentibus
998 304 1199 347 omnibus
1225 317 1249 346 e
1275 304 1373 347 basi
1393 304 1631 346 lanceolata
1656 304 1832 347 subula-

135 363 219 415 tis,
246 363 403 405 vexillo
438 362 590 415 glabro
626 363 771 405 carIna
802 364 920 405 recta
958 363 1155 416 margine
1185 363 1326 406 eiliata
1360 363 1505 416 duplo
1524 362 1727 406 breviore
1752 363 1832 406 alis

137 421 479 475 subaequilongo,
506 421 725 474 legumine
757 420 840 464 sub
868 421 981 477 lente
1006 431 1136 476 parce
1161 425 1204 464 et
1236 422 1444 477 adpresse
1470 423 1663 464 setuloso
1685 425 1834 464 ovato-

134 480 344 523 rhombeo
364 480 540 532 oblique
561 480 811 523 acuminato
833 486 868 529 5.
896 478 943 522 G.
962 479 1145 533 grae-ilis
1168 480 1305 535 Spach
1322 481 1410 523 loc.
1440 480 1518 523 cit.
1552 493 1602 535 p.
1638 481 1745 523 256.
1775 503 1832 511 -—

134 539 252 586 Jaub
278 543 321 580 et
353 539 511 594 Spach.
542 538 717 582 Illustr.
752 538 824 581 Or.
848 539 942 580 tab.
977 541 1079 582 143.
1122 563 1175 579 ——-
1209 539 1356 583 Buxb.
1389 539 1519 582 Gent.
1559 541 1624 590 11,
1648 540 1735 583 tab.
1762 542 1832 593 41,

135 598 207 652 fig.
241 599 265 640 2
293 596 466 654 (mala).

186 670 285 705 Hah.
307 670 353 708 ‚in
387 670 591 715 sylvaticis
619 670 791 716 regionis
819 670 957 706 mediae
985 670 1224 707 Macedoniae
1255 672 1295 707 in
1325 674 1457 708 monte
1483 671 1676 708 Korthiati
1704 673 1832 717 (Friv!

138 716 257 763 Orph.
277 717 332 753 Fl.
352 718 417 753 Gr.
440 728 521 753 exs.
543 717 664 762 5961),
682 718 826 753 montis
852 717 978 754 Athos
996 718 1205 764 (Grisebl)‚
1224 719 1400 755 Thraciae
1413 719 1681 764 (Frivfflanka
1698 721 1735 765 1),
1755 719 1834 765 By·

135 764 415 857 {ggtssifflku‘len
436 775 514 800 exs.
531 764 626 800 1094
641 766 677 810 l),
692 765 829 811 Lydiae
847 765 886 800 in
906 768 1039 802 monte
1053 765 1193 802 Tmolo
1209 767 1259 802 ad
1276 765 1464 812 Bozdagh
1474 766 1628 811 (Boissl
1646 764 1731 802 1351.
1748 777 1831 803 exs.

185 821 192 828 ·
316 839 322 844 .
368 822 431 847 un.

183 872 309 911 Valde
326 874 455 909 affinis
475 873 520 910 G.
544 873 778 910 mz'erantlzoe
796 875 881 916 Ort,
898 874 1122 922 Hispanicae
1137 886 1224 922 quae
1243 878 1374 911 tamen
1388 876 1516 911 differt
1526 877 1687 912 racemis
1705 877 1835 923 magis

130 921 326 966 confertis,
366 921 533 956 floribus
567 922 876 967 subminoribus,
912 922 1015 958 lobis
1042 923 1230 969 calycinis
1255 923 1501 969 longioribus
1526 924 1832 970 angustioribus,

133 969 267 1004 carina
285 968 529 1014 abbreviata,
550 968 748 1014 legumine
763 969 1010 1015 glaberrimo.

195 1104 244 1144 4.
283 1102 684 1159 Axillispinae.
717 1123 770 1133 —·-
791 1103 937 1158 Spinis
965 1104 1225 1147 axillaribus
1243 1096 1467 1148 sterilibus
1485 1104 1609 1148 initio
1635 1104 1832 1148 foliii'eris

133 1174 250 1217 saepe
271 1163 456 1206 ramosis
488 1163 662 1219 obsitae.
687 1186 744 1194 --
766 1163 886 1206 Folia
912 1164 1079 1206 alterna
1104 1163 1387 1207 unifoliolata.

196 1308 244 1349 9.
279 1306 347 1350 G.
389 1307 700 1351 Anatolica
744 1308 909 1363 (Boiss.
948 1308 1108 1362 Diagn.
1142 1308 1244 1351 Ser.
1294 1308 1337 1362 I,
1378 1310 1430 1359 2,
1462 1320 1514 1361 p:
1560 1305 1607 1363 8)
1639 1307 1836 1351 suffrati-

135 1377 234 1409 cosa
264 1367 399 1409 ramis
427 1366 792 1410 decumbentibus
814 1368 1089 1421 ramulisque
1111 1368 1268 1410 erectis
1287 1367 1400 1422 pube
1416 1367 1538 1409 brevi
1566 1366 1835 1410 tomentello·

133 1426 326 1480 crispula
352 1425 542 1480 pilisque
568 1425 831 1480 longioribus
856 1427 1016 1481 patulis
1034 1427 1203 1478 obsitis,
1229 1426 1342 1469 foliis
1360 1426 1547 1479 oblongo
1570 1427 1638 1467 vel
1654 1425 1833 1479 lineari-

133 1486 396 1539 spatliulatis
424 1484 574 1537 acutis,
610 1487 748 1539 spinis
784 1485 1001 1529 annotinis
1032 1486 1248 1538 ramosis,
1280 1486 1467 1529 racemis
1505 1485 1715 1527 brevibus
1748 1490 1835 1528 ter-

133 1544 370 1587 minalibus
409 1544 528 1598 apice
566 1544 770 1598 spinosis,
806 1546 964 1600 calycis
990 1545 1105 1588 ultra
1143 1545 1339 1590 medium
1367 1544 1559 1587 bilabiati
1582 1543 1697 1586 labio
1719 1557 1825 1598 sup.

135 1603 339 1657 bipartito
367 1604 496 1645 inser.
527 1605 748 1657 tripartito
776 1604 887 1647 lobis
914 1604 1400 1655 lanceolato-subulatis,
1425 1604 1585 1646 vexillo
1603 1605 1837 1658 carInaque

134 1665 253 1704 recta
281 1666 410 1706 exius
443 1662 620 1705 sericeis
648 1663 722 1706 illo
756 1663 933 1706 dimidio
960 1664 1029 1706 vel
1061 1664 1218 1706 triente
1245 1664 1473 1712 breviore,
1510 1662 1725 1716 legumine
1759 1662 1835 1705 ad·-

133 1733 288 1775 presse
320 1723 438 1764 hirto
461 1722 815 1765 ovato-rhombeo
838 1722 1079 1766 acuminato
1103 1729 1148 1771 5.
1180 1721 1236 1764 G.
1281 1722 1458 1764 hirsuta.
1478 1721 1527 1765 «L.
1555 1734 1648 1763 var.
1679 1719 1833 1764 Orien-

135 1780 238 1822 talesss
262 1793 343 1824 nc.
369 1781 527 1823 Prodr.
567 1783 633 1834 11,
663 1794 711 1836 p.
745 1783 826 1824 148
882 1807 937 1813 —-
973 1780 1030 1823 G.
1064 1781 1245 1825 Oliverii
1269 1787 1313 1824 et
1341 1781 1397 1824 G.
1431 1779 1668 1824 orientalis
1694 1780 1836 1834 Spach

135 1840 213 1882 loc.
240 1841 316 1882 cit.
352 1853 392 1894 p.
414 1841 519 1882 266.
550 1840 685 1884 Jaub.
716 1846 761 1883 et
786 1840 930 1896 Spacb
952 1840 1026 1884 Ill.
1057 1840 1138 1884 Or.
1171 1842 1264 1884 tab.
1304 1842 1385 1884 144
1409 1841 1587 1883 et.145.

181 1914 282 1950 Hah.
301 1915 341 1949 in
359 1913 526 1950 collibus
544 1915 653 1950 siccis
671 1915 808 1961 Lydiae
825 1915 925 1951 circa
942 1916 1156 1963 Smyrnam
1172 1916 1314 1962 (Auch.
1330 1926 1412 1951 exs.
1434 1914 1545 1951 1086!
1560 1914 1692 1950 Boiss.
1712 1914 1833 1960 Ball),

135 1971 256 2008 prope
278 1961 469 1997 Tchesme
487 1961 596 2006 (Oliv
609 1964 645 2007 l).
663 1962 720 1997 Fl.
740 1962 821 1998 Mai

194 2027 247 2080 β.
283 2027 455 2070 Cassia.
487 2028 639 2070 Patule
660 2029 832 2072 hirsuta
849 2041 927 2072 nec
950 2032 1207 2079 tomento-sa.
1231 2029 1395 2071 Dentes
1421 2027 1578 2081 calycis
1612 2026 1835 2081 angustio-

133 2099 207 2129 res
228 2087 446 2188 3subulati.
487 2087 703 2130 Vexillum
755 2088 975 2142 glabrum.
1007 2087 1055 2130 G.
1083 2087 1235 2130 Cassia
1255 2087 1394 2131 Boiss.
1437 2086 1590 2139 Diagn.
1616 2085 1706 2129 Ser.
1733 2085 1765 2139 I,
1793 2086 1835 2137 9,

135 2158 187 2200 p.
268 2180 274 2186 .

134 2223 281 2315 (KHab.
302 2224 343 2258 in
345 2224 517 2316 ἕξῇἒοηε
535 2225 725 2260 montana
741 2224 864 2270 Syriae
883 2224 1054 2260 borealis
1081 2224 1122 2259 in
1146 2226 1281 2260 monte
1311 2223 1446 2259 Cassio
1475 2222 1605 2268 (Boiss
1617 2224 1655 2268 1),
1681 2222 1835 2257 Amano

191 2280 228 2316 y.
247 2281 327 2306 exs.
455 2300 461 2306 .

184 2335 381 2371 Suffrutex
400 2335 723 2382 semi-1-pedalis,
741 2337 884 2373 racemi
902 2336 1008 2372 ovati
1024 2335 1088 2372 vel
1107 2335 1271 2381 oblongi
1287 2334 1483 2371 interdum
1494 2333 1716 2370 laxiusculi.

185 2434 270 2470 Obs.
291 2433 336 2470 G.
357 2433 601 2470 Germanica
616 2435 658 2470 L.
677 2437 714 2470 et
731 2434 776 2471 G.
795 2434 1015 2482 Hv'spam'ca
1031 2434 1072 2470 L.
1090 2435 1130 2470 in
1151 2433 1257 2479 Bory
1277 2435 1314 2469 et
1331 2433 1401 2469 Ch.
1418 2433 1478 2468 Fl.
1497 2432 1592 2468 Mor.
1614 2441 1775 2468 erronee
1792 2431 1834 2466 in

133 2482 291 2518 Graecia
307 2482 542 2517 indicantur.
570 2481 614 2518 G.
642 2481 890 2529 squptiaea
914 2482 1081 2529 Spreng.
1121 2481 1228 2517 Nov.
1262 2481 1381 2516 Prov.
1421 2480 1469 2516 20
1494 2481 1553 2516 est
1586 2477 1638 2515 G.
1663 2478 1837 2515 aristam

133 2529 256 2566 Presl.
275 2532 312 2565 et
328 2530 369 2564 in
388 2529 560 2576 AEgypto
576 2539 655 2565 non
673 2530 823 2566 crescit.

133 2672 268 2715 SECT.
304 2670 360 2713 ΙΙ.
392 2671 696 2715 Smin-onmes
721 2671 861 2726 Spach
900 2672 1023 2714 Ann.
1068 2669 1145 2712 Sc.
1170 2668 1274 2711 Nat.
1306 2670 1432 2721 1845,
1455 2679 1505 2722 p.
1542 2666 1648 2708 106.
1681 2688 1734 2694 —
1758 2663 1837 2706 Le-

431 2742 593 2784 ‚qmnen
630 2730 794 2773 lineare
816 2730 884 2773 vel
908 2727 1400 2781 lanceolata-oblongum
1434 2727 1601 2769 rectum
1639 2725 1837 2766 torosam

433 2790 595 2843 soepius
611 2788 958 2844 polyspermum.

201 2934 241 2975 5.
274 2931 670 2987 Scorpioideae
707 2932 850 2987 Spach
878 2930 954 2975 loc.
987 2931 1055 2972 cit.
1088 2928 1261 2972 Ramuli
1289 2928 1455 2982 spinosi
1481 2926 1706 2981 spinaeque
1732 2923 1844 2966 axil-

138 2992 252 3036 lares
275 2992 431 3034 validae
453 2992 610 3034 breves
632 2991 733 3035 folia
759 2995 802 3034 et
824 2992 956 3034 flores
978 2995 1201 3044 gerentes.
1233 2988 1351 3031 Folia
1376 2985 1667 3030 unifoliolata.
