1969 3257
140 228 163 264 2
876 224 1157 253 BURSERACEAE.
1450 217 1836 254 Balsamodendron.

141 314 335 355 nuatum.
364 306 525 359 Stigma
542 303 779 346 indivisum
805 301 876 343 vel
901 302 973 343 2-5
993 300 1153 343 lobum.
1178 299 1315 343 Ovula
1341 300 1385 343 in
1407 299 1560 343 loculis
1579 300 1677 342 bina
1702 300 1837 344 raris-

145 371 261 413 sime
294 364 486 409 solitaria
520 362 709 417 pendula
746 360 890 402 rarius
927 358 1204 402 ascendentia
1245 359 1482 412 micropyle
1509 361 1670 412 supera
1695 359 1831 412 raphe

140 426 337 471 ventrali.
364 424 551 466 Fructus
579 421 824 473 drupaceus
850 418 1127 461 indehiscens
1155 418 1228 459 9-5
1251 428 1446 472 pyrenus
1474 417 1544 459 vel
1570 417 1836 472 pseudocap-

142 486 300 529 sularis
337 480 554 536 epicarpio
588 479 633 521 in
664 479 738 520 2-4
764 478 913 533 valvas
935 475 1164 519 secedente
1196 488 1384 531 pyrenas
1428 476 1632 520 nudante.
1664 475 1834 518 Semina

140 543 328 600 pendula
368 539 691 583 exalbuminosa
723 538 836 580 testa
870 535 1208 578 membranacea.
1250 560 1303 566 -—
1335 533 1530 577 Arbores
1556 535 1624 577 vel
1658 534 1834 577 frutices

140 601 433 646 balsamissuae.
465 596 648 638 —Ordo
696 595 795 638 olim
841 605 937 637 eum
975 591 1318 637 Terebinthaceis
1351 593 1605 646 conjunctus
1647 594 1724 635 sed
1770 592 1835 636 Si-

142 659 361 703 marubee‘s
388 663 430 700 et
463 654 664 699 Rutaeeis
686 654 822 707 magis
848 652 986 696 affinis
1009 654 1051 694 et
1080 651 1154 706 qui
1184 651 1326 706 aptius
1362 651 1509 693 forsan
1536 652 1660 706 juxta
1691 664 1763 694 eas
1789 652 1834 694 in

141 719 360 763 volumine
379 715 513 771 priori
536 713 753 756 militaret.

387 915 861 971 BALSAMODENDRON
884 920 1002 981 (Iuli.
1032 920 1131 968 Ann-
1173 920 1239 968 Sc.
1271 919 1365 968 Nat.
1401 933 1442 982 p.
1472 918 1593 982 348).

196 1069 346 1111 Flores
370 1065 579 1120 polygami
603 1065 669 1106 vel
694 1064 942 1118 imperfecte
967 1062 1158 1105 dicliues.
1188 1061 1320 1116 Calyx
1346 1062 1582 1105 urceolaris
1609 1063 1677 1105 vel
1704 1062 1833 1105 tubu-

141 1129 258 1170 losus
289 1126 538 1167 4-(lentatus
579 1124 833 1178 persistens.
881 1122 1026 1164 Petala
1065 1122 1090 1163 4
1118 1121 1346 1163 suberecta
1378 1121 1734 1175 lineari—oblonga
1768 1121 1833 1162 in-

140 1185 556 1240 ‹luplicato-valvata.
587 1182 777 1224 Stamina
815 1183 840 1223 8
877 1181 1011 1223 libera
1040 1180 1219 1233 margini
1259 1180 1362 1221 disci
1401 1179 1622 1233 cupularis
1653 1180 1830 1223 inserta.

140 1245 344 1288 Ovariun]
370 1243 486 1284 diseo
514 1242 699 1284 cinctum
729 1240 881 1282 sessile
909 1240 981 1281 2-53
1009 1239 1196 1282 Ioculare
1232 1238 1384 1281 loculis
1418 1238 1672 1289 biovulatis‚
1690 1240 1831 1292 stylus

141 1303 300 1353 brevis,
329 1303 479 1355 stigma
502 1301 655 1343 obtuse
678 1299 996 1354 quadrilobum.
1027 1299 1175 1352 Drupa
1195 1300 1318 1339 ovata
1334 1298 1402 1339 vel
1420 1298 1596 1350 globosa
1614 1298 1831 1352 epicarpio

140 1364 214 1404 2-4
252 1358 672 1413 valvi,mesocarpio
704 1357 972 1411 cyatbiformi
1003 1357 1210 1412 pulposo‚
1240 1357 1418 1411 pyrenis
1452 1357 1522 1398 1-3
1554 1356 1692 1399 osseis
1734 1369 1833 1400 con-

137 1421 271 1463 cretis
286 1418 614 1473 monospermis.
634 1417 790 1459 Semeu
799 1419 910 1459 testa
928 1416 1267 1465 membranacea,
1282 1414 1608 1468 cotyledonibus
1625 1416 1829 1459 tenuibus

137 1478 524 1532 contortuplieatis,
554 1476 743 1519 radicula
761 1477 936 1529 supera.
953 1474 1277 1517 —Arbusculae
1296 1477 1339 1515 et
1354 1474 1530 1516 frutices
1550 1474 1830 1518 balsamissuae

139 1551 253 1593 saepe
280 1538 590 1592 spiuescentes,
618 1535 729 1577 foliis
755 1534 936 1576 alteruis
968 1535 1037 1576 1-3
1063 1533 1260 1576 foliolatis
1277 1533 1343 1574 vel
1372 1532 1733 1586 imparipiunatis,
1755 1534 1831 1576 sso-

138 1599 259 1641 ribus
285 1597 444 1651 parvis.

200 1757 235 1797 1.
265 1754 323 1796 Β.
351 1751 816 1807 opobalsamum
841 1750 1011 1806 (Forsk.
1040 1749 1189 1793 Deser.
1221 1762 1259 1802 p.
1301 1749 1354 1790 79
1391 1749 1474 1792 sub
1500 1748 1729 1804 Anzm'idc)
1762 1762 1830 1792 ar-

137 1815 333 1866 boreum,
361 1812 493 1854 ramis
518 1810 758 1852 inermibus
782 1810 904 1862 louge
925 1808 1100 1861 virgatis
1121 1808 1304 1861 glabris,
1326 1807 1438 1850 feliis
1462 1808 1654 1863 breviter
1669 1808 1830 1862 pubes-

137 1873 334 1915 centibus
386 1871 452 1912 vel
500 1869 706 1923 glabratis
747 1868 1007 1910 trifoliolatis
1046 1867 1202 1910 foliolis
1238 1867 1384 1920 parvis
1418 1866 1613 1909 obovatis
1647 1867 1827 1921 integris

135 1931 226 1974 basi
255 1932 378 1984 longe
406 1928 600 1972 cuneatis
621 1927 836 1969 terminali
861 1927 1121 1981 submajore,
1146 1926 1326 1969 floribus
1354 1926 1582 1978 coetaneis,
1607 1925 1828 1979 pedicellis

133 1990 332 2033 unissoris
360 1988 503 2030 rarius
525 1986 705 2029 trissoris
730 1987 838 2028 flore
861 1984 1139 2028 brevioribus
1161 1985 1201 2026 in
1230 1986 1398 2038 gemma
1426 1984 1629 2026 solitariis
1645 1985 1712 2026 vel
1735 1986 1829 2039 plu—

133 2050 270 2098 ribus,
298 2047 452 2101 calycis
480 2046 673 2088 breviter
694 2046 898 2088 urceolati
923 2044 1125 2086 dentibus
1145 2043 1430 2095 brevissimis,
1455 2043 1608 2097 petalis
1628 2043 1829 2097 oblongo-

132 2108 385 2159 linearibus,
405 2106 556 2158 drupae
576 2107 711 2146 ovatae
737 2107 872 2146 acutae
892 2103 1078 2146 valvulis
1097 2104 1123 2144 4
1141 2102 1472 2156 epicarpialibus
1491 2101 1670 2155 integris
1690 2114 1829 2145 meso-

132 2167 353 2221 earpiique
377 2164 668 2219 cyathiformis
694 2164 802 2206 lobis
821 2164 847 2205 4
872 2175 1133 2218 pyrenarnm
1154 2161 1317 2215 apicem
1342 2173 1426 2202 non
1451 2161 1760 2214 attingentibus
1787 2165 1825 2211 5.

134 2251 187 2256 —-
216 2226 266 2267 B.
289 2223 620 2277 Opobalsammn
650 2223 746 2265 Kth.
774 2221 879 2264 Gen.
909 2221 1062 2263 Tereb.
1088 2234 1128 2275 p.
1171 2221 1234 2262 16.
1264 2244 1316 2249 -
1346 2219 1527 2274 Amyris
1557 2218 1828 2262 Gileadensis

134 2284 258 2326 Linn.
287 2285 414 2326 Mant.
451 2283 504 2324 65
541 2306 599 2312 -
632 2282 738 2324 Vahl
767 2281 912 2334 Symb.
943 2280 974 2323 Ι.
1000 2293 1039 2334 p.
1073 2281 1142 2332 28,
1178 2279 1262 2321 tab.
1304 2280 1367 2321 11.
1403 2302 1458 2309 —
1486 2279 1536 2321 Β.
1574 2277 1825 2320 Gileaclense

132 2344 228 2386 Kth.
256 2344 333 2386 loc.
364 2343 430 2384 cit.

178 2416 279 2452 Hah.
307 2417 346 2451 in
365 2414 499 2451 Nubia
523 2413 687 2452 littorali
715 2411 991 2458 (Schweinf.l).
1014 2411 1053 2446 in
1073 2410 1220 2446 Arabia
1237 2409 1409 2454 (Forsk.)
1428 2408 1582 2456 Species
1602 2409 1825 2455 subtrepica

131 2465 166 2498 et
186 2464 331 2510 tropica
350 2463 419 2498 vix
436 2461 596 2497 ditionis
616 2463 772 2503 nostrae,
790 2459 922 2495 forsan
941 2458 981 2493 in
1000 2457 1196 2493 littoribus
1223 2457 1464 2503 AEgyptiacis
1491 2456 1611 2491 maris
1635 2456 1759 2491 Rubri
1789 2459 1825 2491 et

129 2511 169 2545 in
192 2510 338 2546 Arabia
356 2512 499 2557 petraea
518 2508 741 2544 australiori
759 2516 932 2542 crescens
954 2507 990 2541 et
1010 2505 1069 2541 hic
1088 2505 1305 2551 praesertim
1318 2504 1368 2539 ob
1383 2503 1717 2550 comparationem
1735 2513 1823 2539 cum

129 2557 385 2604 sequentibus
404 2558 558 2592 inserta.

176 2620 238 2656 Ar.
262 2619 382 2666 Geoqr
414 2619 543 2654 Nubia
563 2617 758 2663 australis,
777 2617 922 2652 Arabia
940 2616 1044 2652 felix.

190 2761 230 2802 92.
257 2760 313 2802 B.
342 2759 675 2814 pubescens
700 2757 846 2812 (Stcks
872 2757 976 2798 Kew
994 2756 1145 2798 Jouru.
1170 2754 1200 2797 Ι.
1224 2768 1263 2808 1).
1286 2753 1480 2806 264,tab.
1505 2752 1551 2806 9)
1568 2752 1821 2794 fruticosum

131 2820 293 2862 inerme
320 2818 371 2860 ad
411 2818 507 2859 solia
543 2821 583 2858 et
624 2819 768 2870 partes
802 2816 996 2858 novellas
1025 2813 1556 2866 snrfuraeco-pubescens,
1599 2811 1708 2852 foliis
1748 2812 1822 2853 9-3

124 2878 239 2931 jugis
274 2877 426 2919 follolis¹
461 2876 641 2928 integris
670 2876 922 2917 lateralibus
957 2872 1357 2926 oblongo-oberans
1391 2870 1606 2913 terminali
1638 2869 1823 2913 obovato

129 2935 602 2991 petiolulato:floribus
630 2936 699 2976 1-3
736 2937 833 2975 aute
873 2934 968 2975 solia
1002 2933 1054 2974 ad
1086 2944 1274 2981 geminas
1309 2929 1566 2973 fasciculatis
1606 2928 1822 2971 subsessi-

131 2997 256 3048 libus,
285 2995 439 3051 calyejs
468 2994 672 3036 urceolati
705 2993 908 3035 dentibus
948 2991 1239 3040 brevissimis.
1272 2989 1424 3043 petalis
1458 2987 1652 3032 obovatis
1683 2988 1821 3031 acutis
