1984 3221
151 235 222 272 772
849 240 1149 267 CRASSULACEAE.
1625 230 1848 270 Umbz'lz'eus.

148 316 311 359 laciniis
353 314 599 357 lanceolatis
636 313 891 356 acuminatis
941 315 978 358 26
1019 311 1254 366 Cotyledon
1290 311 1663 365 ,qlobularioefolia
1705 313 1850 357 Baker

148 375 299 427 Refug.
329 374 415 416 bot.
444 373 529 415 tab.
559 374 639 414 201
666 384 750 414 non
777 371 922 414 Fenzl.

196 447 295 482 Hah.
330 446 371 481 in
405 446 530 481 Cariae
564 447 695 480 monte
729 444 879 479 Cadmo
909 455 1028 490 supra
1061 443 1250 480 Denisleh
1285 444 1462 490 (Boissl),
1489 445 1691 481 montibus
1721 446 1845 492 Syriae

149 494 271 539 (Pestl
290 494 467 538 Bourg!)‚
487 492 735 538 Cappadocia.
751 491 914 527 australi
932 491 1121 535 (Tchihl),
1139 491 1270 526 Tauro
1288 491 1444 527 Cilicico
1463 492 1512 527 ad
1531 492 1661 528 Gulek
1680 492 1771 538 (Ky.
1786 493 1846 530 81!

148 541 274 623 {2113}
278 551 375 631 {1132
375 544 415 632 >tre
430 539 656 626 {ggffdagh
671 539 871 574 Cataoniae
889 538 991 574 8000’
1008 541 1044 573 et
1057 538 1265 584 Ssoffdagh
1279 538 1403 583 Syriae
1416 539 1497 574 bor.
1511 539 1614 575 5000·
1625 540 1845 587 (Haussk!)‚

192 650 316 686 Valde
335 650 461 685 affinis
491 649 530 685 U.
549 647 777 685 Libanotz’co
795 659 818 683 a
836 657 914 694 quo
934 647 1161 694 glaucedine
1179 648 1395 694 praesertim
1412 649 1562 695 differt3
1579 649 1676 684 folia
1687 650 1844 687 caulina

145 700 331 745 praeterea
348 697 491 732 latiora
508 697 635 741 magis
657 695 892 742 spathulata.
915 697 976 731 An
997 698 1128 731 tamen
1147 695 1265 742 hujus
1282 696 1462 732 varietas.

209 872 273 913 13.
307 871 370 913 U.
398 870 781 912 Libanotious
799 869 969 923 (Lahill.
993 883 1072 913 D.c.
1095 869 1168 917 ΙΙΙ,
1188 882 1227 923 p.
1251 870 1291 921 3,
1312 868 1396 911 tab.
1422 870 1439 911 I
1463 870 1544 912 suh
1570 868 1845 924 Cotyledone)

144 931 314 981 virens⁷
342 929 502 983 saepius
526 929 690 971 minute
715 929 1290 982 pubescenti-glandulosu8‚
1313 928 1424 971 foliis
1460 928 1718 970 radicalibus
1748 941 1846 982 spa-

145 988 323 1032 thulatis
351 988 519 1030 obtusis
548 987 639 1029 basi
668 987 1105 1030 cuneata-attenuatis
1134 987 1327 1041 margine
1357 986 1845 1029 membranaceo-denti-

146 1048 312 1099 culatis,
351 1047 530 1089 caulinis
574 1047 954 1100 lineari-oblongis,
999 1047 1198 1100 panicula
1239 1048 1460 1089 racemosa
1506 1046 1615 1098 laxa,
1659 1045 1846 1089 floribus

145 1107 365 1161 pedicellis
401 1106 543 1159 calyce
563 1105 839 1148 brevioribus
867 1106 1072 1158 suffultis,
1099 1106 1269 1148 corollae
1293 1116 1676 1158 purpureo-roseae
1703 1105 1845 1159 calyce

147 1167 170 1208 2
198 1166 208 1187 ¹
216 1165 347 1219 s2-plo
375 1164 578 1218 longioris
605 1164 677 1206 vix
699 1164 753 1205 ad
779 1164 969 1207 medium
997 1165 1113 1206 fissae
1152 1165 1315 1207 laciniis
1352 1163 1544 1217 oblongis
1578 1163 1844 1206 mucronatis

145 1225 262 1279 apice
286 1223 568 1266 subrecurvis
604 1229 640 1271 26
680 1223 726 1265 U.
757 1223 1040 1265 Libanoticus
1066 1236 1146 1266 Dc.
1175 1223 1328 1267 Prodr.
1358 1223 1432 1276 III,
1458 1237 1499 1277 p.
1526 1223 1623 1265 399.

191 1297 290 1333 Hah.
309 1297 349 1331 in
369 1297 519 1331 fissuris
541 1297 695 1342 rupium
715 1296 854 1332 Libani
872 1300 909 1332 et
933 1296 1153 1332 Antilibani
1180 1296 1343 1341 (Labilll
1370 1295 1491 1332 Gaill!
1509 1295 1604 1340 Bu),
1634 1294 1846 1331 Palestinae

146 1344 317 1382 borealis
337 1344 386 1379 ad
405 1344 547 1379 Banias
566 1343 697 1388 (Boiss
711 1346 748 1389 l).

201 1410 245 1464 β.
280 1408 498 1451 Steudelii.
551 1432 605 1439 —
651 1409 768 1451 Folia
814 1412 978 1452 remote
1023 1408 1296 1461 denticulata,
1348 1408 1546 1462 panicula
1590 1407 1843 1450 abbreviata

144 1469 326 1512 floribus
353 1479 466 1522 saepe
494 1468 695 1511 secundis
728 1468 1014 1511 albo-carneis
1041 1468 1164 1511 venis
1190 1467 1540 1510 saturatioribus.
1578 1493 1625 1497 —
1653 1466 1698 1509 U.
1721 1466 1843 1508 radi-

146 1528 326 1581 ciflorus
352 1527 498 1570 Steud„
528 1528 571 1569 in
598 1528 676 1581 Ky.
703 1528 760 1581 pl.
790 1539 881 1569 exs.

190 1600 292 1635 Hah.
311 1601 351 1635 in
370 1600 520 1636 fissuris
537 1601 694 1647 rupium
712 1600 906 1636 montium
924 1600 1185 1636 Kurdistaniae
1213 1600 1318 1635 Gara
1344 1599 1435 1644 (ΚΥ.
1464 1610 1542 1635 exs.
1570 1599 1683 1644 3322)
1711 1601 1748 1635 et
1778 1599 1845 1635 Pir

144 1647 264 1683 Omar
282 1647 448 1683 Gudrun
467 1648 691 1693 (HausskO,
708 1649 748 1683 in
770 1648 970 1684 montibus
988 1649 1190 1683 Avroman
1210 1650 1247 1683 et
1263 1647 1421 1683 Schahu
1442 1646 1621 1692 (Haussk
1633 1648 1669 1692 l).

202 1734 241 1773 y.
273 1714 434 1767 glaber.
471 1739 525 1744 —
563 1715 730 1756 Praeter
769 1714 866 1757 solia
902 1714 1093 1767 margine
1129 1713 1339 1768 papillosa
1378 1711 1681 1766 glaber-rimus,
1718 1712 1843 1765 calyx

141 1774 286 1817 rarius
311 1774 392 1816 sub
418 1775 531 1815 lente
555 1773 810 1827 puberulus.

188 1848 288 1884 Hah.
307 1859 395 1884 cum
409 1849 534 1883 forma
551 1848 683 1895 typica
701 1849 739 1883 in
758 1848 908 1884 Libano
938 1858 1057 1894 supra
1084 1847 1233 1883 Cedros
1257 1846 1410 1891 (Boissl
1438 1846 1531 1892 Bll),
1558 1848 1691 1882 monte
1719 1844 1842 1880 Garbi

140 1896 358 1932 Antilibani
377 1896 470 1941 (Ky.
490 1896 604 1940 2381),
622 1897 753 1931 monte
772 1895 996 1941 Berytdagh
1017 1895 1222 1931 Cataoniae
1240 1893 1464 1940 (Hausskl),
1482 1895 1615 1929 monte
1632 1891 1840 1938 Gheidagh

141 1943 262 1979 Tauri
283 1943 441 1978 Isaurici
459 1943 602 1988 (Heldr
615 1945 651 1988 Ι).

199 2007 238 2043 U.
256 2007 507 2044 Libanoticus
523 2008 638 2044 valde
656 2008 783 2043 affinis
812 2007 852 2044 U.
870 2007 1121 2054 Sempervz'vo
1147 2006 1243 2042 ΜΒ.
1263 2006 1314 2042 ab
1342 2016 1388 2042 eo
1415 2005 1572 2042 corollae
1591 2005 1736 2050 saepius
1755 2004 1841 2039 bre-

140 2055 260 2090 vioris
279 2056 430 2091 laciniis
452 2056 582 2090 minus
601 2055 804 2102 profundis
822 2055 1103 2101 latioribusque
1135 2054 1353 2100 praesertim
1383 2054 1438 2098 (et
1464 2063 1513 2087 an
1538 2052 1674 2093 satisr)
1699 2051 1839 2087 differt.

139 2102 421 2138 Inssorescentia
440 2102 664 2148 paniculata
681 2103 843 2138 ssorihus
862 2102 902 2137 in
921 2113 991 2138 var
1009 2101 1032 2149 β
1052 2101 1430 2137 suhunilateralibus
1458 2100 1665 2136 transitum
1693 2099 1842 2145 praehet

139 2150 188 2184 ad
211 2160 364 2196 cymam
384 2149 548 2186 bifidam
565 2149 780 2196 specierum
800 2149 1056 2196 sequentium.

201 2322 265 2364 14.
302 2320 366 2362 U.
390 2320 667 2362 Persicus
704 2319 864 2374 (Boiss.
909 2319 1060 2373 Diagn.
1106 2318 1186 2360 Ser
1221 2318 1249 2367 Ι,
1286 2320 1324 2366 3,
1364 2331 1406 2372 p.
1449 2317 1522 2372 14)
1550 2316 1838 2371 glabcrrimus

137 2380 428 2433 glaucescens,
456 2378 567 2421 foliis
594 2379 812 2431 lingulatis
840 2379 1097 2432 spathulatis
1125 2377 1319 2430 margine
1347 2375 1838 2418 membranaceo-denti-

137 2439 302 2489 culatis,
328 2438 508 2480 caulinis
538 2438 773 2480 linearibus
808 2438 1150 2491 angustioribus,
1183 2435 1506 2478 inssorescentia
1541 2436 1714 2489 cymosa
1749 2434 1836 2487 gla-

138 2497 328 2539 berrima
355 2498 489 2539 semel
515 2498 580 2539 vel
609 2497 675 2539 bis
706 2497 837 2539 bifida
863 2496 1082 2539 interdurn
1117 2495 1170 2537 ad
1207 2506 1427 2537 racemum
1457 2494 1630 2537 unIcum
1657 2493 1838 2535 reducta

136 2556 318 2598 racemis
340 2555 521 2598 demum
547 2556 1043 2609 scorpioideo-curvatis,
1062 2554 1243 2597 floribus
1262 2553 1591 2595 unilateralibus
1611 2551 1835 2606 pcdicellis

138 2615 279 2668 calyce
314 2615 586 2657 brevioribus
627 2616 690 2657 vel
725 2615 991 2668 longioribus
1033 2614 1238 2657 suffultis
1279 2613 1420 2666 calyce
1452 2612 1609 2654 corolla
1633 2612 1657 2652 2
1688 2610 1837 2665 ¹s'2-plo

136 2674 338 2716 breviore
362 2674 453 2716 basi
477 2677 710 2724 attenuato!
734 2674 892 2716 corolla
930 2675 1056 2715 rosea
1092 2673 1248 2714 lineata
1289 2672 1340 2713 asl
1380 2671 1551 2713 tertiam
1587 2673 1754 2724 partem
1792 2670 1835 2711 in

138 2732 312 2775 lacinias
340 2733 800 2786 oblongo-lanceolatas
821 2732 1085 2774 acuminatas
1108 2732 1216 2773 lissa
1244 2737 1302 2778 26.

183 2805 283 2841 Hah.
302 2807 339 2840 in
360 2806 510 2841 fissuris
533 2806 690 2852 rupium
708 2806 852 2841 Persiae
870 2805 1054 2840 australis
1073 2805 1121 2840 ad
1139 2804 1326 2840 Pirezend
1346 2803 1484 2845 (Auch.
1502 2802 1644 2846 45221),
1664 2802 1704 2836 in
1724 2811 1836 2836 mon-

136 2852 239 2887 tibus
258 2853 427 2888 Tchinar
445 2856 482 2888 et
500 2854 669 2888 Sakawa
687 2853 751 2888 alt.
769 2853 873 2888 9000'
893 2852 1117 2896 (Hausskl),
1137 2862 1255 2897 prope
1276 2850 1433 2885 Schiraz
1452 2849 1542 2895 (Ky.
1560 2849 1676 2894 3100,
1700 2849 1834 2883 Persia

135 2899 285 2934 boreali
304 2902 343 2934 in
362 2903 492 2935 monte
510 2901 653 2935 Elhrus
673 2910 792 2946 prope
810 2900 1037 2935 Ustonhach
1056 2899 1145 2944 (ΚΥ.
1164 2899 1281 2942 2842).
1303 2897 1360 2932 Fl.
1379 2897 1467 2932 Jun.

183 2963 345 2999 Differre
363 2967 423 2999 sat
441 2966 594 3000 visu-tur
613 2975 636 2999 a
655 2975 733 2999 var.
753 2964 889 3009 glabra
929 2963 968 3000 U.
994 2963 1216 2999 Lz'banotz‘cz'
1236 2962 1399 2998 racemis
1425 2961 1597 3006 cymosis
1623 2959 1833 2996 unilatera-

135 3010 252 3056 libus,
273 3012 435 3047 ssorihus
454 3012 539 3047 hasi
559 3012 684 3057 magis
704 3012 927 3047 attenuatis.
