2065 3236
223 203 303 239 686
995 214 1197 241 nosAcEAE.
1829 210 1954 248 Rosa.

280 283 381 318 Hab.
412 283 453 318 in
483 283 630 319 ditione
659 285 752 329 tota,
781 284 970 320 varietate
998 297 1020 318 α
1052 283 1263 330 vulgatior,
1295 295 1320 320 a
1349 285 1502 322 Graecia
1534 287 1585 323 ad
1618 286 1951 334 Mesopotamiam

231 330 459 375 (Hausskl),
478 330 654 366 Persiam
681 330 882 367 borealem
901 331 992 377 (Ky.
1014 341 1095 367 exs.
1112 331 1220 376 2571)
1240 333 1279 367 et
1296 333 1512 369 australem
1528 333 1620 380 (Ky.
1639 344 1720 371 exs.
1737 335 1871 382 5471)(

295 394 333 438 δ.
369 394 613 437 ἰθῑιοαητΙια.
654 419 708 425 —-
752 395 908 438 Petioli
947 396 1212 450 glandulosi‚
1254 396 1399 440 foliola
1437 398 1677 453 majuscula
1719 400 1793 442 vix
1816 401 1952 455 pube-

229 455 397 496 scentia
423 454 501 496 sed
524 454 684 497 subtus
708 454 761 497 ad
790 466 951 497 nervos
978 454 1080 509 plus
1102 454 1250 499 minus
1273 457 1546 511 glandulosa.
1567 483 1620 488 —
1638 459 1689 501 R.
1717 458 1952 502 leucantha

232 512 339 554 ΜΒ.
369 513 506 555 Taur.
538 512 664 555 Cauc.
689 513 765 565 III,
789 526 831 567 p.
862 514 961 556 352.

276 587 379 623 Hab.
401 588 442 622 in
463 587 640 623 Caucaso
658 587 822 624 centrali
845 586 990 633 (Me).
1009 587 1051 623 V.
1071 588 1159 624 sicc.
1181 589 1274 625 cult.

290 672 322 697 ε.
357 652 787 696 Haussknechtiana.
829 676 886 685 —
924 654 1237 698 Indumentum
1271 658 1315 698 et
1347 656 1622 700 characteres
1661 669 1752 699 var.
1780 658 1951 702 collinoe

230 713 309 754 sed
351 713 494 755 foliola
534 714 797 767 plerumque
837 713 1022 766 minora,
1066 714 1168 767 styli
1204 714 1468 767 subexserti,
1506 717 1655 759 ovaria
1698 716 1763 771 (in
1805 718 1951 762 fructu

225 771 426 826 juniore)
453 771 678 825 stipitibus
706 784 793 814 non
815 772 1074 826 aequilongis
1114 773 1194 816 sed
1231 773 1409 816 dimidio
1443 774 1721 818 brevioribus
1757 777 1949 821 suffulta.

230 830 386 873 Forma
426 832 553 885 cujus
588 831 757 873 fructus
798 834 1000 874 maturus
1037 831 1228 886 ignotuS‚
1253 832 1443 876 ulterius
1479 834 1794 888 investiganda,
1823 847 1877 878 ex
1898 837 1950 879 cl.

231 887 393 944 Crepin
420 890 566 932 forsan
592 889 784 943 speciem
822 890 1046 944 propriam
1079 891 1258 945 sistens,
1294 903 1349 934 ex
1381 892 1487 935 clari
1519 891 1661 936 Godet
1684 895 1903 938 sententia
1928 907 1954 938 a

231 948 282 990 R.
308 947 473 990 canina‘
498 948 663 991 collina
689 962 777 992 non
806 949 912 992 satis
941 949 1158 992 distincta.

277 1022 380 1058 Hab.
400 1023 441 1058 in
460 1023 625 1069 sepibus
643 1022 769 1068 Syriae
788 1022 959 1059 borealis
979 1023 1080 1059 circa
1097 1024 1254 1069 Aintab,
1274 1024 1400 1068 Nisib,
1421 1024 1603 1062 Marasch
1621 1026 1799 1071 (Haussk
1810 1029 1847 1073 1).

232 1085 338 1168 AfAr.
366 1085 664 1168 Gbeoqr.llnsulae
683 1087 956 1133 Canarienses,
974 1086 1133 1135 Europa
1151 1089 1291 1134 omnis,
1323 1088 1468 1124 Sibiria
1494 1088 1714 1136 'Uralensi8,
1745 1090 1950 1138 Songaria,

287 1143 363 1169 rica
412 1143 503 1169 orea
521 1144 565 1169 is.

292 1283 361 1325 39.
397 1282 459 1325 R.
482 1282 867 1339 Scherqiana,
895 1283 1119 1335 fruticosa,
1141 1284 1303 1327 aculeis
1331 1284 1535 1327 omnibus
1558 1283 1716 1328 validis
1740 1284 1950 1329 brevibus

231 1342 452 1385 uncinatis
484 1355 599 1396 saepe
632 1343 878 1396 geminatis,
915 1344 1049 1386 ramis
1087 1344 1297 1386 flexuosis
1335 1343 1516 1397 glabris,
1547 1343 1723 1397 stipulis
1758 1343 1951 1387 subdila-
1986 1394 1989 1397 .

232 1402 334 1444 tatis
362 1402 558 1455 margine
586 1402 871 1454 glandulosis‚
898 1403 1072 1458 petiolis
1098 1402 1283 1445 hirsutis
1311 1402 1565 1457 spinulosiS,
1586 1403 1743 1446 foliolis
1769 1403 1950 1447 minutis
1983 1403 1986 1408 '

230 1461 306 1501 5-7
337 1461 651 1515 approximatis
675 1462 1024 1515 ovato-oblongis
1052 1462 1190 1505 acutis
1223 1465 1378 1515 argute
1411 1464 1455 1503 et
1486 1462 1745 1516 simpliciter
1767 1462 1950 1505 serratis

225 1519 528 1573 eglandulosis
551 1520 762 1575 utrinque
781 1520 993 1575 adpresse
1010 1521 1138 1564 hirtis
1157 1521 1315 1563 subtus
1334 1521 1742 1574 elevato-nervosis,
1764 1522 1948 1565 ramulis

228 1578 437 1621 floriferis
464 1579 755 1632 brevissimis,
797 1579 983 1624 floribus
1024 1581 1098 1623 3-4
1141 1581 1289 1635 parvis
1324 1579 1435 1623 albis
1472 1579 1758 1634 corymbosis‚
1790 1581 1948 1635 calycis

227 1638 332 1680 tubo
366 1638 552 1692 oblongo
577 1639 788 1693 utrinque
818 1642 1040 1682 attenuato
1069 1652 1167 1682 cum
1195 1639 1456 1694 pedunculis
1490 1639 1702 1682 brevibus
1738 1639 1949 1694 adpresse

223 1697 410 1748 hirsuto,
438 1696 606 1740 laciniis
635 1698 818 1741 deflexis
842 1699 1139 1752 eglandulosis
1166 1699 1424 1754 tomentosis
1460 1712 1484 1741 a
1514 1697 1610 1741 basi
1637 1701 1764 1742 ovata
1788 1699 1949 1742 acumi-

225 1758 340 1799 natis
367 1757 664 1800 exterioribus
691 1758 786 1801 basi
809 1758 1018 1813 utrinque
1041 1759 1330 1813 appendiculo
1357 1758 1496 1801 auctis
1522 1763 1559 1807 5.

272 1830 376 1866 Hab.
394 1831 434 1867 in
453 1833 587 1868 monte
604 1831 765 1878 Schergi
783 1843 904 1879 supra
920 1832 1096 1869 Zebdani
1114 1833 1156 1868 in
1176 1833 1412 1869 Antilibano
1430 1832 1495 1869 alt.
1514 1829 1621 1868 5000'
1641 1832 1733 1879 (Ky.
1753 1843 1833 1868 exs.
1853 1831 1945 1868 1502

221 1877 304 1914 sub
323 1878 371 1915 R.
389 1877 652 1924 Hecleliand).

270 1941 427 1989 Species
459 1943 613 1979 curiosa
640 1943 885 1990 receptaculo
913 1945 1137 1980 tomentoso
1164 1944 1332 1990 insignis
1361 1946 1399 1980 et
1425 1943 1477 1980 ab
1508 1943 1695 1980 omnibus
1712 1943 1760 1980 R.
1794 1943 1950 1981 cam'noe

220 1989 358 2026 formis
389 1994 549 2032 remota„
583 1989 720 2026 foliola
752 1992 915 2038 insuper
949 1991 1144 2038 floresque
1178 1992 1362 2028 minores.
1393 1991 1540 2027 Ovaria
1573 1992 1616 2026 ut
1649 1990 1690 2026 in
1721 1987 1948 2041 Rcartind

222 2035 598 2074 Haussknechtmnd
616 2038 789 2074 breviter
806 2039 981 2086 stipitata
1000 2039 1074 2075 hoc
1090 2040 1312 2075 charactere
1330 2040 1380 2075 ab
1398 2039 1546 2076 ovariis
1564 2038 1656 2085 plus
1675 2038 1809 2074 minus
1827 2038 1947 2085 longe

223 2084 413 2131 stipitatis
432 2085 617 2121 sectionis
636 2085 852 2122 discedunt.
1277 2088 1280 2093 ’

776 2250 799 2306 g
832 2253 870 2294 9.
907 2277 962 2283 -
995 2252 1402 2308 Rubiqinosae.

283 2354 354 2396 40.
391 2352 453 2395 R.
482 2352 846 2408 rubiginosa
859 2352 927 2408 (L.
947 2353 1077 2395 Mant.
1098 2353 1152 2403 ΙΙ,
1172 2354 1279 2408 564)
1298 2366 1453 2408 parum
1473 2353 1597 2406 elata,
1619 2352 1752 2395 ramis
1772 2351 1945 2405 erectis,

216 2413 386 2455 aculeis
430 2411 686 2465 subsparsis
723 2411 906 2455 aduncis
944 2414 1094 2467 paucis
1131 2414 1263 2456 rectis
1298 2412 1588 2467 inaequalibus
1629 2424 1757 2455 secus
1798 2423 1946 2458 ramos

220 2472 398 2515 steriles
425 2471 589 2517 mixtis.
617 2470 773 2514 foliolis
800 2471 1095 2515 mediocribus
1120 2473 1192 2514 5·7
1218 2473 1357 2515 ovatis
1384 2472 1450 2515 vel
1477 2470 1947 2525 elliptico-orbiculatis

219 2529 734 2584 glanduloso-biserratis
762 2543 899 2584 supra
925 2543 1026 2582 mox
1052 2531 1216 2585 glabris
1243 2531 1402 2575 subtus
1425 2531 1582 2574 leviter
1600 2529 1947 2586 pubescentibus

220 2592 265 2633 et
286 2590 461 2645 copiose
487 2589 773 2643 glandulosis‚
798 2589 984 2633 floribus
1023 2592 1041 2632 1
1083 2591 1150 2633 vel
1188 2590 1337 2644 paucis
1374 2590 1548 2633 intense
1588 2589 1742 2642 roseis,
1776 2588 1945 2643 pedun-

219 2648 330 2692 culis
360 2649 523 2703 saepius
552 2648 688 2691 dense
713 2649 950 2702 aciculatis,
988 2650 1146 2703 calycis
1188 2650 1295 2693 tubo
1342 2650 1437 2692 laevi
1475 2649 1546 2692 vel
1570 2660 1698 2703 parce
1736 2648 1945 2691 aciculato

220 2708 389 2751 laciniis
416 2707 688 2762 pinnatitidis
718 2708 850 2751 dorso
873 2709 1144 2763 glandulosis
1171 2709 1349 2751 tandem
1374 2708 1559 2751 deflexis
1583 2707 1794 2759 deciduis,
1818 2706 1944 2760 stylis

223 2766 409 2819 villosis,
432 2767 579 2810 fructu
613 2767 732 2810 nudo
760 2768 1036 2811 subrotundo
1062 2776 1098 2817 5.
1127 2769 1178 2810 R.
1212 2767 1412 2822 Phrygia
1444 2767 1584 2810 Boiss.
1604 2767 1718 2809 Ann.
1747 2766 1813 2808 Sc.
1843 2765 1942 2808 Nat.

223 2826 324 2870 Ser.
353 2826 426 2880 IV,
453 2827 537 2869 vol.
568 2827 592 2868 2
621 2827 779 2881 (forma
804 2827 959 2870 foliolis
983 2827 1146 2882 parvis.
1170 2827 1432 2882 pedunculis
1456 2825 1824 2879 subinermibus).

214 2928 217 2930 -
269 2901 372 2937 Hah.
394 2902 435 2937 in
465 2901 717 2948 rupestribus
751 2901 915 2937 Graeciae
949 2901 990 2937 in
1020 2903 1154 2937 monte
1185 2901 1373 2937 Chelnios
1399 2900 1664 2948 Peloponnesi
1687 2899 1860 2947 (Orphl),
1882 2898 1947 2934 Bi-

222 2948 377 2995 thyniae
395 2949 645 2994 (Wiedem!)‚
666 2949 855 2994 Phrygiae
873 2949 1062 2996 (Tchihl),
1080 2949 1278 2984 Armeniae
1306 2949 1346 2984 in
1374 2951 1508 2984 monte
1536 2947 1749 2993 Techdagh
1774 2947 1946 2992 (Humi),

213 2995 380 3032 Tauriae
398 2998 436 3032 et
452 3006 566 3043 prov.
590 2995 657 3032 Cis
675 2999 713 3032 et
731 2996 1155 3033 Transoaucasicarum
1171 2995 1287 3041 (ΜΒ.
1306 2995 1469 3041 Szowl).
