2015 3227
144 213 430 262 Cryptodzkcus.
833 220 1138 247 UMBELLIFERAE.
1765 209 1838 247 935

188 292 289 328 Hab.
308 292 349 327 in
369 291 543 327 arenosis
561 290 815 326 Batkakkum
829 289 1102 325 Turkestaniae
1121 288 1301 335 (Lehm.)
1316 289 1407 324 Non
1426 288 1520 324 vidi.

187 348 328 384 Planta
347 348 367 382 1
389 347 474 392 'la-2
493 347 718 394 ¹l2-pedalis.
751 347 862 382 Folia
892 345 1077 382 radicalia
1106 344 1251 392 petiolo
1288 355 1392 392 saepe
1419 344 1650 392 semipedali
1668 345 1839 390 suffulta,

140 395 291 431 lamina
308 395 386 430 fere
403 394 544 441 pedali.
569 394 734 429 Fructus
753 394 909 440 ignotus
929 396 966 429 et
982 393 1068 428 ideo
1088 402 1210 439 genus
1229 392 1495 428 subincertum
1513 392 1651 438 (Ege).

200 529 237 570 3.
272 528 327 572 G.
355 527 647 578 Persicus,
675 527 727 569 ad
755 527 899 569 caules
936 530 979 569 et
1005 526 1099 569 folia
1138 526 1284 580 patule
1309 526 1512 578 hirtulus,
1536 526 1657 568 caule
1684 526 1836 568 strIato

139 600 267 642 parce
287 598 472 638 ram0S0‚
498 586 609 628 foliis
631 587 750 628 humi
777 585 1001 639 adpressis
1029 585 1244 638 petiolatis
1272 585 1434 626 ambitu
1463 584 1657 638 oblongis
1684 585 1836 638 pinna-

140 646 306 689 tisectis
334 645 569 699 segmentis
595 645 815 698 primariis
842 647 881 697 5,
909 643 1212 698 partitionibus
1229 644 1274 685 in
1291 644 1465 685 lacinias
1484 643 1837 686 cuneato-oblon·

139 717 215 759 gas
247 704 615 758 bipinnatisectis,
655 703 857 746 utnbellis
898 702 1227 756 7-10-radiatis‚
1261 702 1475 745 involucri
1507 705 1548 744 ct
1587 702 1836 745 involucelli

139 763 298 817 phyffis
320 762 557 804 linearibus
585 762 807 807 brevibus.
834 762 1038 804 floribus.
1062 794 1069 801 .
1091 792 1099 799 .
1121 795 1129 802 .
1149 771 1204 813 26.

184 837 284 872 Hah.
303 837 343 872 in
361 847 468 886 prov.
487 835 716 872 Khorassan
741 836 885 872 Persiae
915 836 964 871 ad
996 835 1188 871 Bedescht
1217 836 1316 871 inter
1338 834 1541 871 Schahrud
1560 837 1597 871 et
1614 835 1837 882 Nischapur

134 884 283 929 (Bgel).

182 939 310 986 Hujus
329 940 471 987 plantae
491 940 687 986 specimen
708 939 988 986 incompletum
1006 939 1247 975 fructiferum
1265 940 1417 974 tantum
1438 939 1530 982 vidi,
1550 938 1704 974 differre
1726 939 1833 975 vide-

135 988 198 1022 tur
214 998 236 1022 a
255 987 562 1034 praecedentibus
592 986 766 1022 umbella
793 987 1077 1031 multiradiata3
1106 986 1236 1021 caules
1267 987 1437 1033 pedales,
1467 986 1652 1021 foliorum
1685 986 1835 1021 radica·

134 1034 233 1070 lium
251 1034 400 1070 lamina
418 1034 712 1080 3-4-pollicariS,
731 1034 877 1069 fructus
893 1034 932 1069 in
950 1034 1161 1080 specimine
1176 1033 1225 1068 ad
1240 1033 1516 1080 mericarpium
1532 1033 1656 1069 fertile
1671 1033 1832 1079 magnit.

135 1084 174 1117 et
190 1082 317 1118 forma
333 1082 420 1128 pisi,
435 1081 584 1127 album⁷
601 1081 722 1117 altero
741 1081 904 1117 minimo
922 1081 1101 1117 abortivo
1120 1081 1312 1116 reductus.

666 1237 891 1286 CAcnRYS
926 1238 994 1299 (L.
1029 1238 1128 1286 Gen.
1157 1237 1289 1297 342).

198 1343 364 1399 Calycis
388 1344 539 1386 dentes
561 1344 755 1387 obsoleti.
778 1345 925 1387 Petala
952 1348 1076 1387 ovata
1102 1345 1268 1398 integra
1301 1345 1496 1387 acumine
1522 1344 1694 1386 inflexo.
1730 1343 1831 1385 Dis-

135 1416 213 1447 cus
240 1405 353 1446 latus
376 1403 570 1456 margine
613 1416 726 1458 sa‘pe
766 1404 1016 1447 undulatus.
1058 1404 1245 1446 Fructus
1281 1407 1434 1447 ovatus
1467 1404 1535 1445 vel
1569 1403 1781 1453 oblongus
1807 1416 1833 1446 a

137 1463 272 1505 latere
294 1463 658 1516 subcompressus
684 1464 925 1516 pericarpio
953 1463 1183 1516 spongioso
1210 1463 1423 1516 turgidus.
1447 1462 1698 1515 Mericarpia
1712 1462 1832 1516 jugis

135 1523 159 1564 5
188 1520 508 1564 confluentibus
535 1522 739 1565 obsoletis
770 1522 835 1564 vel
862 1521 907 1563 in
934 1525 1074 1564 costas
1114 1521 1386 1575 prominulis.
1423 1521 1549 1563 Vittae
1588 1533 1834 1564 numerosae

133 1592 230 1623 cum
254 1580 512 1634 endocarpio
535 1581 789 1623 tenuissimo
818 1581 971 1623 semini
1005 1581 1286 1623 adhaerentes.
1317 1580 1473 1622 Semen
1500 1579 1604 1622 facie
1630 1580 1831 1624 interiori

129 1639 344 1694 profunde
371 1639 584 1682 sulcatum
605 1639 874 1693 marginibus
896 1640 1154 1682 involutum.
1174 1662 1227 1669 —
1245 1639 1403 1681 Herbae
1426 1650 1654 1692 perennes,
1676 1640 1831 1692 petalis

130 1697 270 1751 flavis,
293 1698 405 1742 foliis
430 1701 474 1740 in
498 1699 673 1741 lacinias
697 1701 878 1751 anguste
906 1698 1093 1740 lineares
1118 1698 1187 1740 vel
1213 1698 1413 1740 minimas
1438 1697 1754 1751 decompositis,

688 1838 707 1856 ¹
757 1839 892 1875 Flores
910 1840 947 1875 et
964 1839 1110 1875 fructus
1129 1839 1267 1885 glabri.

194 1921 228 1962 1.
264 1921 317 1965 C.
342 1921 560 1976 Alpina
586 1921 710 1977 (MR.
741 1921 870 1964 Taur.
903 1919 1026 1964 Cauc.
1057 1921 1088 1974 I,
1115 1935 1155 1975 p.
1197 1922 1301 1977 217)
1335 1923 1495 1977 glabra,
1524 1924 1637 1968 foliis
1663 1926 1829 1969 ambitu

127 1982 381 2022 transverse
420 1980 644 2023 latioribus
688 1980 975 2023 subternatim
1009 1981 1452 2036 supradecompositis
1486 1983 1652 2026 laciniis
1688 1984 1830 2039 longis

128 2038 401 2081 filiformibus
429 2039 650 2092 flexuosis.
684 2040 897 2082 involucri
934 2042 976 2081 et
1014 2040 1261 2083 involucelli
1288 2042 1447 2096 phyllis
1471 2044 1620 2096 paucis
1645 2045 1829 2087 setaceis

127 2097 351 2149 brevibus,
379 2098 520 2140 fructu
542 2099 751 2152 pedicello
777 2098 1062 2141 subbreviore
1091 2099 1231 2142 albido
1255 2104 1380 2143 ovato
1401 2101 1682 2144 obtusissimo
1707 2103 1827 2157 apice

129 2155 338 2210 depresso
366 2156 682 2200 obsoletissime
710 2157 927 2200 sulculoso
953 2159 1222 2212 mericarpiis
1246 2160 1384 2202 ovatis
1420 2164 1475 2205 26.

173 2228 273 2264 Hah.
292 2229 333 2264 in
351 2230 491 2276 apricis
509 2230 679 2276 regionis
697 2233 893 2267 montanae
911 2231 1066 2267 Tauriae
1084 2231 1211 2279 (MR,
1228 2232 1320 2269 Stev
1333 2235 1368 2279 1).

173 2282 296 2318 Valde
316 2283 443 2337 affinis
475 2283 512 2320 C.
539 2284 732 2332 loeviyatoe
758 2285 865 2321 Lam.
893 2285 1023 2321 differt
1049 2286 1233 2322 foliorum
1258 2288 1410 2324 laciniis
1429 2288 1550 2336 duplo
1568 2289 1825 2338 longioribus,

124 2329 255 2423 ἷέιῐιὶέῐὲ
274 2340 423 2366 minore
442 2341 528 2378 piso
546 2333 612 2368 vix
633 2332 753 2380 duplo
771 2333 926 2379 majore.
949 2333 1181 2381 Mericarpia
1198 2337 1345 2382 saepius
1364 2336 1650 2382 subinaequalia
1675 2337 1739 2373 4-5
1756 2337 1824 2373 lin.

185 2509 222 2549 2.
258 2508 310 2551 C.
336 2509 699 2566 qoniocarpa
726 2511 885 2567 (Boiss.
917 2513 1066 2567 Diagn.
1092 2513 1183 2556 Ser.
1213 2514 1246 2565 I,
1279 2515 1342 2566 10,
1370 2527 1410 2568 p.
1448 2515 1524 2571 53)
1548 2515 1824 2569 glaberrima,

124 2567 245 2609 caule
270 2568 381 2610 elato
407 2569 558 2611 striato
584 2571 838 2624 corymbose
868 2584 1053 2621 ramoso,
1077 2572 1190 2615 soliis
1230 2573 1392 2615 ambitu
1418 2572 1503 2617 late
1530 2574 1667 2617 ovatis
1694 2574 1738 2616 in
1763 2574 1823 2616 la-

124 2625 258 2668 cinias
285 2625 471 2669 lineares
500 2632 653 2671 tenues
680 2630 827 2683 longas
851 2630 1070 2674 flexuosas
1110 2631 1427 2686 decompositis,
1453 2632 1667 2676 involucri
1690 2635 1731 2674 et
1756 2633 1821 2674 in-

125 2684 327 2727 volucelli
361 2686 520 2739 phyllis
558 2687 936 2742 lineari-setaceis,
975 2691 1117 2733 fructu
1158 2703 1312 2743 magno
1336 2690 1544 2744 pedicello
1573 2691 1822 2746 sesquibre-

123 2742 244 2785 viore
286 2744 454 2786 rubello
492 2746 770 2788 obtusissimo
809 2748 929 2801 apice
970 2749 1192 2803 depresso,
1240 2750 1510 2804 mericarpiis
1560 2751 1698 2794 ovatis
1750 2750 1818 2792 vel

122 2800 317 2855 oblongis
343 2803 495 2845 obtuse
522 2805 589 2846 vel
617 2805 882 2848 acutiusculc
909 2808 1162 2861 pentagonis
1191 2809 1395 2850 esulcatis
1430 2814 1486 2854 24.

170 2873 328 2910 Η31).111
351 2876 455 2911 arvis
473 2877 680 2913 Palestinae
700 2879 881 2915 australis
900 2881 999 2915 circa
1015 2880 1151 2916 Asdod
1165 2882 1202 2915 et
1216 2880 1382 2916 Ramlah
1400 2882 1531 2926 (Boiss
1545 2884 1581 2928 l),
1599 2883 1637 2918 in
1652 2883 1817 2929 rupibus

120 2923 267 2957 montis
286 2922 493 2969 Ssoffdagh
511 2924 634 2970 Syrize
655 2925 824 2961 borealis
844 2927 908 2962 alt.
929 2927 1033 2963 4000’
1053 2927 1278 2972 (Hausskt).
1299 2928 1353 2963 Fl.
1375 2931 1466 2975 Apr.

165 2974 280 3012 Folia
297 2976 482 3014 radicalia
499 2979 800 3027 sesquipedalia,
817 2981 1047 3028 mericarpia
1060 2981 1124 3018 8-9
1141 2981 1266 3017 lineas
1285 2981 1416 3029 longa,
1436 2983 1553 3019 diam.
1570 2984 1594 3020 5
1606 2983 1697 3020 lata.
