1984 3221
155 203 226 239 768
848 212 1147 238 anssULACEAE.
1626 201 1833 239 Umbizicus
1845 231 1856 238 .

156 286 323 328 tissime
345 285 545 336 cre-natis,
563 285 743 328 caulinis
761 286 942 327 minutis
960 284 1276 327 subsessilibus
1299 284 1438 326 ovatis
1457 284 1626 327 acutius
1648 285 1850 337 dentatis,

156 345 338 386 floribus
365 344 521 386 erectis
548 344 681 385 dense
706 348 749 386 et
772 345 897 397 longe
924 344 1097 397 spic-atis
1125 343 1241 397 spica
1269 343 1451 396 simplici
1484 344 1552 385 vel
1588 344 1756 385 inferne
1783 356 1853 386 ra-

155 404 288 453 mosa,
329 402 514 444 bracteis
556 403 974 445 lineari-lanceolatis
1022 402 1227 456 pedicello
1266 401 1526 444 brevissimo
1564 402 1850 456 longioribus,

157 462 312 515 calycis
339 461 502 503 laciniis
530 461 777 503 lanceolatis
804 461 964 513 acutis,
992 461 1150 503 corolla
1176 461 1293 502 lutea
1326 460 1751 503 tubuloso-obconica
1785 473 1853 502 ca-

158 520 252 573 lyce
286 521 454 573 4-5-910
481 520 674 572 longiore
707 520 761 561 ad
795 520 986 562 medium
1016 520 1062 561 in
1098 519 1272 561 lacinias
1305 518 1561 561 lanceolatas
1588 520 1854 561 acuminatas

157 581 298 620 rectas
326 578 429 620 fissa
461 584 520 626 26.

204 642 305 677 Hab.
333 643 373 677 in
399 643 594 678 umbrosis
622 643 867 689 rupestribus
893 642 1055 678 Graeciae
1085 642 1126 676 in
1153 644 1285 677 monte
1318 642 1476 678 Malevo
1505 642 1662 686 (Heldr!
1695 641 1803 688 Orph
1815 643 1856 687 1),

157 694 288 724 monte
318 689 461 724 Olenos
487 689 526 723 in
553 689 678 734 sylvis
713 690 894 725 abietinis
924 689 1030 724 5000‘
1067 689 1261 733 (Heldrl),
1297 688 1467 735 Olympo
1502 689 1678 734 Bithyno
1710 688 1857 732 (Auch.

157 736 294 781 26491),
312 737 513 770 montibus
526 736 705 779 Smyrnae
720 740 756 772 et
766 736 907 772 Tmolo
926 736 1056 780 (Boiss
1072 738 1109 780 l),
1127 736 1453 781 Phrygiaffl¹chih
1465 738 1500 781 1),
1517 736 1638 781 Lycia
1655 735 1856 780 (Bourgl),

157 783 285 818 Tauro
305 782 459 818 Cilicico
480 783 575 827 (Kyl
592 784 694 827 Ball)
712 787 749 819 et
764 783 972 818 Cataonico
990 783 1079 827 (Bal
1092 785 1128 828 1),
1147 783 1295 818 Libano
1315 784 1364 818 ad
1382 783 1542 818 Dimam
1557 783 1664 828 (1311).
1681 782 1737 817 Fl.
1758 782 1853 817 Mai.

201 839 355 874 Pedalis
374 842 411 873 et
431 839 726 885 sesquipedalis,
750 839 844 875 folia
860 839 978 875 diam.
993 840 1056 875 2-4
1070 839 1284 886 pollicaria,
1303 839 1417 886 spicae
1435 839 1696 886 semipedales
1712 842 1749 874 et
1768 839 1855 874 lon-

158 887 296 932 giores,
315 886 429 921 flores
446 886 509 921 5-ss
528 886 652 921 lineas
672 886 791 932 longi.

201 951 262 985 Ar.
291 950 422 994 Geoqr.
452 950 598 994 Serbia,
615 950 656 985 in
672 950 816 995 Anglia
833 952 871 986 et
887 950 1092 985 Lusitania
1106 949 1264 986 erronee
1281 949 1486 985 indicatus.

218 1079 255 1120 2.
290 1077 354 1120 U.
383 1077 749 1132 parviflorus
777 1077 933 1133 (Sibth.
962 1081 1003 1120 et
1028 1077 1113 1120 Sm.
1136 1078 1196 1119 Fl.
1226 1077 1299 1120 Gr.
1329 1077 1378 1129 V,
1400 1091 1439 1132 p.
1467 1078 1535 1130 33,
1564 1078 1647 1120 tab.
1667 1079 1751 1119 445
1771 1078 1857 1120 sub

158 1135 434 1190 Cotyledone)
465 1137 585 1179 caule
611 1140 769 1189 erecto,
791 1138 902 1180 foliis
930 1137 1190 1179 radicalibus
1218 1137 1390 1190 peltatis
1414 1138 1482 1179 vel
1503 1136 1595 1179 basi
1622 1137 1858 1179 subcorda-

158 1197 214 1238 tis
240 1194 490 1238 orbiculatis
516 1195 735 1249 repandis,
763 1196 942 1238 caulinis
970 1195 1272 1250 superioribus
1299 1196 1447 1250 parvis
1466 1195 1857 1238 ovato-reniformi-

158 1255 255 1297 bus.
283 1254 465 1297 floribus
494 1256 820 1308 erecto-patulis
852 1267 1071 1297 racemum
1098 1255 1338 1309 simplicem
1368 1255 1437 1296 vel
1460 1267 1680 1297 ramosum
1707 1255 1857 1296 stricte

159 1313 453 1368 paniculatum
476 1314 657 1355 densum
684 1314 983 1366 formantibus,
1011 1314 1151 1368 calyce
1174 1313 1349 1356 dimidia
1366 1314 1525 1356 corolla
1542 1313 1742 1355 breviore
1760 1313 1858 1355 basi

157 1374 204 1415 in
227 1372 484 1426 pedIcellum
512 1372 711 1415 strictum
736 1373 907 1415 bractea
931 1373 1176 1415 breviorem
1203 1376 1438 1425 attenuato,
1465 1373 1622 1415 corolla
1646 1373 1761 1415 lutea
1783 1372 1859 1414 ob-

159 1432 303 1473 conica
328 1431 372 1472 in
402 1431 577 1474 lacinias
614 1432 873 1474 lanceolatas
907 1434 1171 1474 acuminatas
1203 1432 1256 1473 ad
1285 1432 1332 1485 Ἃ
1357 1433 1513 1485 partita
1545 1438 1603 1478 26.
1639 1431 1695 1473 Ic.
1733 1431 1852 1473 Desf.

159 1489 312 1532 Coroll.
341 1490 425 1531 tab.
453 1491 520 1532 57.
542 1516 596 1520 —
618 1491 662 1533 U.
692 1490 1024 1543 Sprmzerianus
1046 1490 1185 1533 Boiss.
1218 1491 1367 1544 Diagn.
1389 1490 1479 1532 Ser.
1510 1490 1541 1542 Ι,
1565 1491 1605 1542 6,
1632 1503 1672 1544 p.
1698 1491 1766 1531 57.

206 1554 306 1589 Hab.
326 1555 365 1588 in
389 1554 504 1589 Creta
523 1555 685 1598 (Tourn.
711 1554 864 1600 sima),
889 1554 929 1589 in
954 1555 1131 1590 faucibus
1161 1554 1340 1600 Hymetti
1364 1554 1521 1599 (Heldrl
1554 1554 1675 1601 Orph.
1702 1554 1759 1590 Fl.
1789 1554 1859 1590 Gr.

158 1611 238 1636 exs.
256 1601 371 1646 3361),
390 1602 430 1635 in
448 1602 696 1648 rupestribus
713 1602 765 1637 ad
782 1602 924 1638 fretum
942 1602 1086 1637 Eubeae
1103 1602 1298 1648 (Spruni).

206 1656 483 1703 Semipedalis,
502 1657 685 1703 panicula
701 1657 993 1704 2—4-pollicaris,
1010 1658 1124 1693 flores
1142 1658 1206 1693 2-2
1227 1658 1267 1702 ¹l2
1286 1657 1409 1693 lineas
1428 1657 1553 1703 longi3
1571 1657 1656 1693 haec
1676 1658 1860 1703 quamvis

160 1705 371 1751 specimina
395 1703 593 1740 Cretensia
625 1705 801 1740 nondum
830 1705 998 1740 viderim
1028 1707 1128 1740 certe
1148 1715 1196 1740 ex
1218 1705 1396 1740 iconibus
1424 1708 1482 1740 est
1519 1704 1559 1741 U.
1584 1704 1805 1751 parviflora
1834 1715 1859 1740 a

160 1752 286 1834 slpetcie
305 1752 486 1833 {esluenti
505 1752 671 1787 racemis
689 1752 822 1787 densis
841 1752 1083 1798 floribusque
1102 1753 1318 1799 majoribus
1338 1752 1425 1787 basi
1443 1752 1629 1787 obconica
1649 1752 1868 1788 attenuatis-

161 1813 173 1834 ι
188 1809 221 1834 is
241 1809 302 1833 mc
321 1810 354 1833 a.

221 1933 258 1973 3.
294 1931 357 1974 U.
388 1931 781 1975 chloranthus
815 1931 981 1986 (Heldr.
1007 1934 1050 1974 et
1071 1931 1182 1973 Sart.
1210 1931 1334 1986 Mss.)
1362 1931 1483 1973 caule
1508 1933 1679 1983 erecto,
1706 1931 1797 1973 fere
1833 1944 1859 1973 a

161 1991 254 2032 basi
280 1991 781 2044 racemoso-paniculato,
809 1992 918 2034 foliis
942 1990 1202 2033 radicalibus
1231 1991 1405 2044 peltatis
1422 1990 1491 2032 vel
1513 1989 1606 2031 basi
1625 1990 1861 2032 subcorda-

160 2050 216 2091 tis
240 2049 491 2092 orbiculatis
519 2049 738 2103 repandis,
761 2050 941 2092 caulinis
968 2050 1021 2092 ad
1047 2061 1268 2092 ramorum
1292 2052 1435 2091 ortum
1458 2047 1606 2102 paucis
1630 2049 1858 2092 sessilibus

160 2109 298 2150 ovatis
325 2108 523 2157 dentatis,
552 2108 734 2150 floribus
758 2109 917 2162 patulis
940 2109 1178 2151 laxiuscule
1211 2108 1466 2160 racemosis‚
1489 2106 1711 2162 pedicellis
1739 2108 1861 2150 brac-

161 2170 241 2208 teee
269 2168 521 2221 aequilongis
549 2168 617 2209 vel
641 2169 712 2209 vix
734 2168 1024 2216 brevioribus,
1059 2167 1216 2209 corolla
1234 2167 1391 2221 pallide
1415 2165 1668 2209 ochroleuca
1693 2179 1861 2220 campa-

160 2226 306 2267 nulata
329 2227 369 2268 in
400 2227 574 2268 lacinias
600 2226 855 2269 lanceolatas
877 2227 1141 2268 acuminatas
1171 2226 1224 2268 ad
1256 2225 1307 2280 Ἃ
1339 2227 1495 2280 partita
1522 2224 1663 2278 calyce
1691 2226 1859 2280 sesqui-

160 2284 353 2337 longiore
391 2292 449 2333 26.
481 2286 525 2327 U.
546 2285 819 2338 parvlflomffl
840 2285 946 2327 Urv.
975 2286 1130 2328 Enum.
1153 2309 1208 2314 —
1229 2285 1391 2327 Visian.
1420 2285 1560 2326 Dalm.
1589 2284 1790 2338 —Marg
1816 2287 1861 2326 et

161 2342 288 2385 Reut.
318 2343 407 2385 Cat.
433 2344 635 2398 Zacynth.
665 2357 750 2386 non
777 2344 914 2386 Sibtli.

210 2409 308 2443 Hah.
330 2411 367 2444 iu
381 2411 624 2456 rupestribus
643 2413 680 2446 et
698 2410 748 2445 ad
768 2420 900 2445 muros
919 2411 1094 2445 vetustos
1109 2410 1279 2455 regionis
1299 2409 1510 2453 inferioris,
1530 2409 1683 2445 Graecia
1700 2409 1742 2444 in
1759 2408 1861 2444 Mes-

161 2456 269 2491 senia
291 2459 328 2491 et
341 2457 509 2492 Laconia
526 2457 649 2502 (Boi-y
661 2460 698 2501 1).
717 2457 901 2502 Argolide
916 2457 965 2491 ad
984 2457 1193 2504 Naupliam
1211 2457 1390 2501 (Boissl),
1402 2456 1588 2501 Hymetto
1607 2457 1647 2492 in
1663 2456 1859 2492 consortio

173 2502 212 2538 [J.
229 2504 439 2549 parvz‘florz'
454 2504 583 2547 (Boiss
598 2506 604 2539 !
629 2504 795 2549 Heldrl).
814 2504 965 2539 Boeotia
983 2505 1033 2538 ad
1051 2506 1205 2539 antrum
1224 2504 1441 2550 Trophonii
1459 2503 1585 2550 (Orph
1597 2505 1621 2549 1)
1657 2503 1857 2548 Zacyntho

161 2549 289 2595 (Marg
303 2552 343 2595 1),
363 2551 476 2586 Creta
493 2551 649 2595 (Heldrl
667 2552 767 2587 Raul
778 2553 814 2597 1),
833 2551 963 2586 insula
973 2551 1049 2586 Cos
1064 2551 1202 2596 (ΠΝ),
1221 2551 1399 2596 Smyrnae
1415 2550 1545 2595 (Boiss
1559 2552 1598 2595 !).
1619 2533 1675 2585 Fl.
1692 2550 1811 2585 Maio.

208 2606 393 2642 Panicula
425 2607 676 2653 ¹l2-1-pedalis
712 2611 757 2643 ea.
783 2607 1035 2653 praecedentis
1059 2607 1185 2642 multo
1217 2607 1408 2642 ramosior
1440 2607 1601 2642 racemis
1626 2606 1858 2649 laxioribus,

161 2652 275 2688 flores
293 2654 463 2688 minores
483 2655 761 2700 sesquilineam
779 2654 888 2699 longi
907 2654 991 2689 basi
1006 2655 1135 2700 potins
1147 2655 1344 2690 rotundati
1363 2664 1480 2700 quam
1499 2654 1690 2689 attenuati
1708 2656 1745 2688 et
1759 2653 1859 2688 ideo'

161 2701 427 2746 campanulati
446 2711 515 2736 nec
535 2702 718 2737 obcouici.

208 2762 269 2798 Ar.
293 2764 422 2808 Geoqr.
450 2764 649 2799 Dalmatia
667 2764 861 2799 australis.

225 2912 262 2951 4.
294 2912 356 2953 U.
374 2911 829 2965 tropaeolifolius
850 2911 1009 2965 (Boiss.
1030 2911 1179 2963 Diagn.
1201 2910 1292 2953 Ser.
1315 2911 1345 2961 Ι,
1368 2912 1406 2955 3.
1425 2924 1465 2965 p.
1494 2911 1561 2964 14)
1579 2911 1856 2960 tenerrimus,

165 2969 360 3012 caulibus
385 2970 742 3013 decumbentibus
768 2971 836 3013 vel
863 2970 1195 3012 ascendentibus
1223 2983 1246 3012 a
1278 2970 1370 3012 basi
1396 2970 1616 3012 laxissime
1638 2970 1857 3023 panicula-
