2015 3227
144 169 352 208 OEnanthe.
834 179 1141 205 UMBELLIFERAE.
1769 172 1838 207 957

140 252 237 294 latis
275 252 365 293 basi
418 251 610 293 connatis
656 251 910 293 acuminatis
960 250 1193 292 umbellula
1246 250 1534 302 brevioribus,
1585 252 1834 294 umbellulis

140 310 372 352 fructiferis
405 309 742 363 hemisphaericis
770 309 1014 363 compactis,
1037 312 1180 350 fructu
1209 308 1317 363 (non
1344 310 1470 362 plane
1497 310 1685 363 maturo)
1714 311 1837 353 obco-

140 369 491 422 nico-cylindrico
515 369 722 422 pedicello
749 368 987 410 incrassato
1011 367 1336 421 subzequilongo
1369 374 1430 414 26.

185 440 287 476 Hab.
307 441 346 475 in
368 441 544 475 Thraciae
570 441 757 476 fruticetis
785 439 961 475 humidis
986 440 1086 474 inter
1116 439 1251 485 Assnos
1278 438 1412 475 Castris
1430 440 1479 474 ad
1498 441 1598 475 ostia
1618 441 1728 475 fluvii
1755 441 1835 476 Ma—

138 488 246 523 ritzae
264 498 382 534 prope
404 488 509 523 Enos
527 488 721 533 (Grisebi)
739 487 798 532 (V.
814 487 899 522 sicc.
926 488 964 521 in
986 486 1090 521 herb.
1110 486 1290 530 Griseb.).

184 552 319 587 Herba
336 554 372 587 et
389 552 677 587 characteribus
696 552 822 586 affinis
852 551 911 587 (Ε.
937 550 1180 590 inm-assam,
1210 550 1361 585 differre
1389 550 1543 585 videtur
1567 551 1686 586 radiis
1706 552 1835 587 miuus

139 599 290 644 crassis,
308 599 534 634 involucelli
552 599 702 645 phyllis
721 598 908 634 brevibus
930 597 1020 633 latis
1049 597 1235 633 connatis.
1256 598 1418 632 Fructus
1446 598 1600 633 brevior
1618 601 1675 633 est
1693 599 1836 634 lineam

137 649 292 681 tantum
310 646 451 691 longus
471 649 508 681 et
526 646 611 681 basi
630 647 668 681 in
688 646 896 691 specimine
916 645 1218 680 subattenuatus
1235 654 1303 679 nec
1317 644 1417 679 callo
1433 645 1654 690 instructus,
1670 646 1737 680 sed
1754 646 1836 681 lure

136 694 230 728 nota
248 703 297 728 ex
314 695 417 728 statu
438 694 647 728 immaturo
666 693 797 728 forsan
817 692 984 727 oriunda
1003 695 1072 727 est.

197 827 238 868 6.
275 826 352 868 (Ε.
381 823 756 875 Heldreichii,
803 823 960 865 radicis
1016 824 1136 865 fibris
1193 823 1481 876 filiformibus,
1529 825 1648 866 caule
1687 837 1835 867 crasso

136 886 283 930 farcto,
310 884 422 926 foliis
448 883 879 936 subheteromorpbis
918 882 1179 924 radicalibus
1214 881 1558 935 bipinnatisectis
1601 885 1836 937 segmentis

134 944 177 985 in
204 943 378 985 lacinias
397 943 789 995 oblongo-lineares
813 942 996 994 partius,
1018 940 1321 994 superioribus
1346 942 1644 994 pinnatisectis
1667 942 1832 984 laciniis

135 1005 316 1056 anguste
359 1009 401 1043 et
433 1002 626 1043 breviter
662 1000 914 1052 linearibus,
952 1000 1149 1042 umbellae
1186 999 1319 1041 radiis
1344 1002 1416 1040 5-6
1451 1002 1686 1043 fructiFeris
1711 1002 1835 1043 valde

135 1060 402 1113 incrassatis,
425 1060 578 1114 petalis
596 1059 880 1111 radiantibus,
898 1059 1149 1101 umbellulis
1180 1059 1415 1100 fructiferis
1447 1061 1675 1102 contractis
1701 1061 1833 1101 hemi-

134 1120 355 1174 sphaericis
375 1131 564 1172 superne
584 1118 800 1168 convex1s,
826 1118 1039 1160 fructibus
1059 1117 1252 1159 breviter
1275 1117 1521 1171 cylindricis
1540 1119 1832 1161 exterioribus

133 1179 341 1233 pedicello
367 1179 606 1220 incrassato
633 1177 997 1219 subbrevioribus
1035 1184 1094 1224 915.

178 1251 279 1286 Hab.
298 1251 336 1286 in
355 1251 475 1297 pratis
493 1250 694 1297 paludosis
722 1250 969 1296 Pamphyliae
997 1251 1044 1285 ad
1069 1251 1162 1285 fluv.
1184 1250 1308 1285 Melas
1330 1249 1480 1294 (Heldr.
1501 1260 1579 1285 exs.
1600 1250 1673 1285 sub
1695 1250 1754 1286 OE.
1777 1250 1834 1286 irt-

131 1297 341 1343 crassata),
362 1298 485 1334 Cariae
503 1298 714 1343 (Pinardl).
733 1298 790 1332 Fl.
810 1300 901 1344 Apr.
920 1297 1011 1332 Mai.

177 1362 305 1398 Radix
322 1365 359 1398 et
373 1362 495 1398 caulis
513 1372 665 1407 crassae,
684 1362 783 1397 radii
801 1362 963 1397 demum
978 1361 1102 1396 inflati
1117 1361 1175 1398 OE.
1196 1362 1428 1397 incrassata?
1440 1361 1620 1407 adquam
1636 1372 1720 1396 eam
1736 1362 1831 1397 olim

132 1410 258 1453 retuli,
288 1410 440 1445 differre
470 1412 601 1444 tamen
631 1411 692 1444 sat
720 1410 875 1444 videtur
905 1409 1087 1443 foliorum
1120 1409 1351 1444 radicalium
1380 1410 1590 1454 segmentis
1614 1409 1832 1444 minoribus

130 1457 296 1504 partitis,
324 1457 567 1503 superiorum
598 1457 749 1492 laciniis
776 1467 854 1491 non
884 1455 1128 1501 longissimis
1159 1456 1226 1491 sed
1253 1456 1493 1491 abbreviatis
1525 1466 1663 1501 parum
1683 1457 1831 1491 hetero-

130 1504 317 1550 morphis,
337 1504 463 1539 fructu
480 1503 637 1549 longius
655 1503 886 1550 pedicellato
907 1504 974 1539 vix
993 1502 1271 1548 sesquilineain
1290 1503 1420 1548 longo.
1443 1503 1503 1539 (Ε.
1525 1503 1664 1538 mcdz'oe
1677 1504 1830 1538 Griseb.

128 1551 232 1587 foliis
251 1553 288 1586 et
305 1551 591 1586 characteribus
606 1551 733 1596 magis
748 1550 940 1597 proxima,
955 1550 1023 1585 sed
1036 1550 1143 1585 fibrae
1160 1549 1350 1585 radicales
1367 1550 1532 1585 tenuiter
1547 1550 1748 1585 lilifornies
1764 1562 1832 1585 nee

129 1598 311 1643 oblongae
330 1598 393 1634 vel
411 1598 822 1644 clavato-cylindricze.

191 1739 228 1778 7.
264 1738 343 1781 OE.
368 1736 663 1791 angulosa
689 1734 879 1791 (Griseb.
908 1736 1051 1789 Spicil.
1082 1736 1113 1789 I,
1137 1748 1177 1788 p.
1206 1735 1309 1790 354.)
1338 1735 1495 1777 radic1s
1532 1736 1655 1778 tibris
1683 1737 1829 1778 filifor-

129 1797 285 1849 mibus,
312 1796 432 1838 caule
457 1796 567 1837 elato
595 1799 717 1838 acute
746 1796 947 1848 angulato
971 1796 1114 1845 farcto,
1141 1794 1253 1836 foliis
1284 1795 1630 1848 heteromorpbis
1666 1796 1828 1837 infimis

129 1855 486 1909 tripinnatisectis
514 1854 748 1908 segmenffls
782 1855 1124 1897 cuneato-ovatis
1152 1853 1418 1907 pinnatiiidis
1445 1855 1718 1907 partitisque,
1757 1866 1830 1896 su-

128 1915 375 1970 perioribus
403 1913 699 1967 pinnatisectis
725 1913 892 1954 laciniis
929 1913 1168 1955 linearibus
1201 1912 1423 1965 elongatis,
1460 1913 1660 1954 umbellae
1693 1912 1825 1954 radiis

127 1974 231 2017 8-12
257 1972 489 2016 fructiferis
516 1972 868 2023 subincrassatiS,
892 1973 1046 2025 petalis
1072 1971 1237 2015 modice
1263 1970 1547 2021 radiantibus,
1570 1971 1825 2013 umbeltulis

125 2033 360 2075 fructiferis
402 2032 631 2074 contractis
670 2031 1009 2084 heinispheericis
1054 2042 1245 2084 superne
1274 2029 1575 2081 subconvexis,
1614 2030 1828 2072 fructibus

127 2092 373 2146 cylindricis
398 2090 689 2133 exterioribus
713 2089 921 2144 pedicello
947 2090 1186 2132 incrassato
1211 2088 1464 2142 aequilongis
1496 2095 1532 2136 26
1570 2089 1636 2130 (Ε.
1667 2090 1828 2129 Analo-

127 2151 212 2192 lica
237 2149 279 2192 C.
310 2150 427 2193 Koch
450 2149 573 2191 Linn.
603 2149 720 2201 XIX,
747 2162 791 2201 p.
820 2149 893 2191 38!

174 2224 275 2259 Hab.
309 2223 350 2258 in
384 2223 559 2259 humidis
593 2222 833 2258 Macedoniae
874 2222 1056 2257 australis
1090 2221 1294 2265 (Grisebi),
1326 2219 1506 2265 Byzantii
1534 2221 1632 2264 (Noe
1660 2220 1824 2257 exs.5,‘2!

129 2269 267 2306 Cadet!
285 2270 462 2315 Thuret),
483 2270 676 2305 Anatoliae
696 2270 775 2304 bor.
796 2270 853 2314 (C.
872 2269 979 2304 Koch
990 2271 1026 2314 t),
1045 2269 1167 2314 Syrise
1186 2269 1255 2312 (Dr
1273 2268 1411 2311 Posti).

175 2334 317 2370 Radice
337 2337 373 2370 et
390 2334 494 2370 foliis
513 2334 637 2369 affinis
659 2333 719 2370 OE.
738 2334 971 2369 incrassatae
990 2333 1119 2368 differt
1141 2332 1248 2368 caule
1267 2332 1434 2367 tenuiori
1455 2330 1615 2375 elatiori,
1643 2331 1827 2366 foliorum

126 2382 359 2418 radicalium
382 2382 593 2427 segmentis
613 2381 831 2416 minoribus
849 2380 1080 2426 profundius
1099 2380 1247 2423 divisis,
1268 2378 1454 2414 umbellae
1473 2378 1590 2413 radiis
1607 2378 1825 2413 numerosis

124 2429 332 2465 fructiferis
350 2428 650 2464 subincrassatis
680 2438 750 2463 nec
776 2427 893 2462 valde
922 2427 1076 2472 inflatis,
1096 2427 1221 2461 fructu
1240 2426 1308 2461 vix
1327 2425 1432 2461 ultra
1449 2425 1592 2460 lineam
1612 2425 1742 2469 longo.
1763 2425 1824 2460 Ab

129 2475 189 2514 OE.
214 2474 346 2512 medz‘d
375 2486 531 2522 quoque
562 2475 668 2510 affini
696 2475 803 2510 fibris
831 2473 1071 2510 radicalibus
1105 2474 1290 2509 tenuibus
1321 2477 1358 2508 et
1389 2472 1493 2507 foliis
1514 2472 1824 2518 heteromorphis

125 2523 264 2559 differt.

180 2671 230 2716 b.)
256 2671 384 2706 Fibrae
401 2671 591 2707 radicales
609 2671 834 2707 incrassatae
854 2671 980 2705 ovatae
999 2668 1180 2714 oblongae
1198 2667 1263 2704 vel
1281 2666 1760 2713 ey]indrieo-subclavatae.

186 2765 226 2805 8.
260 2763 339 2806 OE.
367 2762 648 2806 Silaifolia
682 2761 810 2817 (MR.
846 2761 975 2802 Taur.
1015 2758 1139 2801 Cauc.
1170 2758 1243 2808 HI,
1280 2772 1319 2812 p.
1359 2757 1461 2812 232]
1500 2757 1656 2799 radicis
1698 2757 1820 2798 fibris

127 2821 401 2864 filiformibus
422 2825 464 2863 et
489 2819 899 2873 elongato-clavatis,
922 2819 1040 2861 caule
1064 2819 1194 2860 farcto
1214 2817 1336 2859 valde
1361 2817 1524 2858 striato.
1546 2816 1655 2857 soliis
1673 2816 1822 2857 homo-

126 2881 320 2934 morphis
345 2879 741 2933 Q-S-pinnatisectis
774 2878 937 2920 laciniis
969 2877 1162 2919 breviter
1188 2876 1432 2917 lanceolatis
1459 2874 1638 2927 integris
1670 2877 1712 2915 et
1747 2875 1818 2915 ῐ1·ῑν

127 2939 226 2981 fidis
254 2939 530 2993 superlorum
567 2939 694 2992 paulo
724 2936 1004 2991 longioribus,
1037 2935 1232 2978 umbellae
1260 2935 1391 2976 radiis
1422 2935 1496 2976 4-ss
1519 2934 1691 2978 demum
1718 2933 1822 2975 sub-
