2045 3227
118 192 251 230 Lotus.
790 197 1068 225 LEGUMTNOSAE.
1751 189 1823 229 165

116 288 407 341 brevioribus,
433 287 592 330 vexillo
614 286 1053 330 obovato-orbiculari
1079 286 1268 329 carinam
1290 287 1447 331 subtus
1471 289 1637 332 sensim
1663 302 1823 337 curva-

116 352 203 392 tam
235 348 482 402 superanti,
517 346 598 389 alis
636 345 784 389 carina
815 345 1107 398 brevioribus,
1145 346 1360 399 legumine
1387 348 1537 401 glabro
1564 349 1819 392 tereti-sub-

115 405 365 461 compresso
403 407 546 460 calyce
583 404 979 459 pluriesvlongiore
1021 411 1079 452 26.
1115 403 1292 458 Species
1324 406 1449 448 valde
1474 407 1696 450 variabilis
1719 422 1742 450 a
1768 410 1818 451 L.

115 465 386 508 corniculato
412 465 666 508 indumento
700 463 924 517 adpresso,
964 463 1121 517 calycis
1144 463 1347 506 dentibus
1384 465 1482 508 latis
1509 466 1816 521 inaequalibus,

113 525 259 567 carina
295 525 451 566 subtus
494 524 638 566 minus
670 522 817 575 gibba,
859 522 1073 578 legumine
1115 522 1451 576 subcompresso
1497 525 1816 579 distinguenda.

114 583 232 625 Hanc
268 587 468 626 auctores
504 582 551 625 jn
591 582 744 636 plures
781 580 1028 624 diviserunt
1065 581 1182 623 inter
1232 594 1341 635 quas
1383 583 1655 627 characteres
1703 585 1818 628 firmi

114 641 285 684 desunt.

173 735 214 760 α.
259 715 493 769 aelwinus.
539 739 593 745 ———
629 715 764 758 Totus
807 714 1227 769 argyreo-sericeus,
1275 715 1419 758 caules
1458 717 1690 771 firmiores,
1720 720 1819 763 folia

112 775 283 819 sessilia
310 778 384 817 aut
411 773 684 827 subsessilia,
709 773 849 816 foliola
876 774 1126 827 angustiora
1153 774 1336 826 oblongo
1361 775 1426 818 vel
1445 775 1815 821 lineari—cuneata.

112 834 168 878 Ic.
195 833 293 876 Cav.
321 833 376 885 ΙΙ,
404 833 488 875 tab.
522 831 615 875 156.
643 858 689 863 -
709 832 758 876 L.
776 831 1005 875 obtusatus
1033 832 1125 875 Ser.
1154 833 1198 874 in
1221 845 1299 875 nc.
1325 833 1478 877 Prodr.
1508 836 1561 889 ll,
1586 850 1625 890 p.
1651 839 1816 880 212.—

112 894 161 936 L.
189 891 375 936 varians
401 892 533 935 Desv.
559 904 613 935 ex
637 895 723 935 nc.

158 966 262 1002 Hah.
277 966 317 1001 in
333 966 507 1001 arenosis
526 965 735 1001 maritimis
757 964 883 1010 Syriae
897 965 947 999 ad
964 964 1129 1011 Joppern
1148 965 1241 1011 (Kyl
1268 965 1415 1012 Rothi),
1433 967 1484 1002 ad
1501 966 1613 1002 Caisa
1631 968 1816 1016 (Cadetl)‚

110 1013 233 1050 Cretae
251 1015 289 1049 et
305 1013 425 1060 Cypri
439 1012 505 1058 (ex
523 1012 682 1058 Simili),
701 1012 881 1059 (AEgypti
905 1011 1073 1064 Olivierl
1092 1012 1295 1058 Ehrenbl).

168 1080 212 1134 β.
246 1078 492 1133 cytisoides.
517 1077 944 1121 ——Cinereo-virens
964 1078 1136 1131 parcius
1154 1078 1413 1132 pubescens,
1428 1080 1574 1122 caules
1591 1080 1814 1124 tenuiores

109 1138 438 1193 prostrati,folia
458 1137 653 1181 breviter
667 1138 883 1192 petiolata‚
900 1136 1043 1181 foliola
1066 1137 1567 1186 obovato-cuneiformia,
1580 1139 1815 1192 pedunculi

108 1197 328 1240 interdum
351 1197 606 1239 abbreviati.
633 1197 681 1240 L.
702 1195 935 1250 cytisoides
970 1199 1069 1238 auct
1098 1200 1142 1238 et
1167 1197 1289 1250 prob.
1317 1196 1440 1239 Linn.
1468 1222 1522 1227 —
1549 1198 1598 1239 L.
1626 1195 1816 1240 Alle'onii

109 1256 238 1299 Desv.
266 1280 320 1287 ——
346 1256 396 1298 L.
423 1257 683 1308 prostratus
707 1255 825 1298 Dess.
854 1255 1158 1310 Atl.(variatio
1178 1255 1291 1298 foliis
1314 1255 1573 1311 maioribus)
1601 1281 1655 1287 -—
1682 1257 1729 1299 L.
1749 1269 1814 1300 sc-

103 1314 382 1368 ctmdrfloms
407 1315 501 1357 Viv.
530 1314 624 1356 Lib.
647 1314 731 1357 tab.
762 1315 831 1359 21.
855 1314 922 1367 fig.
952 1315 990 1355 3.
1015 1314 1127 1356 —L.
1151 1313 1384 1367 Argolicus
1410 1314 1519 1357 Link
1535 1314 1660 1358 Linn.
1685 1317 1814 1369 1834,

107 1387 147 1429 p.
178 1375 262 1417 584
285 1375 360 1430 (ex
380 1372 619 1428 descript).
650 1397 700 1404 —
727 1374 776 1416 L.
807 1372 1001 1416 Creticus
1024 1373 1085 1415 Fl.
1116 1371 1190 1415 Gr.
1220 1373 1303 1415 tab.
1325 1375 1422 1416 758.

154 1448 251 1484 Hah.
276 1448 315 1484 in
342 1448 518 1484 arenosis
536 1450 574 1483 et
593 1448 779 1494 adrupes
796 1447 1019 1483 maritimas
1037 1447 1219 1483 Graeciael
1238 1447 1495 1484 Macedoniae!
1515 1447 1660 1484 Cretael
1680 1451 1720 1484 et
1736 1449 1808 1484 ins

105 1495 374 1542 Archipelagil
401 1495 525 1542 Syriae
544 1495 594 1531 ad
613 1493 799 1531 Sidonem
816 1494 942 1540 (Gaill
957 1495 982 1540 1)
1003 1497 1040 1530 et
1053 1494 1161 1541 prob.
1180 1495 1388 1530 Anatoliae.

164 1581 202 1620 y.
231 1559 430 1602 collinus.
460 1585 514 1590 —
538 1560 773 1602 Virescens
800 1562 876 1603 aut
908 1559 1075 1612 viridis,
1103 1559 1248 1603 caules
1267 1560 1567 1613 ascendentes,
1589 1561 1685 1603 folia
1713 1561 1812 1604 bre-

106 1620 218 1662 viter
245 1620 461 1674 petiolata,
497 1619 638 1662 foliola
662 1619 859 1672 ohovata,
898 1619 1131 1673 pedunculi
1158 1619 1319 1673 saepius
1346 1619 1604 1672 longissimi,
1628 1620 1814 1663 bracteae

104 1679 264 1733 saepius
293 1679 491 1734 maiores.
519 1678 643 1720 Facie
670 1678 833 1720 accedit
868 1678 921 1720 ad
945 1678 994 1720 L.
1023 1677 1347 1720 corniculatam
1372 1678 1450 1721 sed
1475 1680 1620 1734 calyce
1658 1679 1813 1722 distin-

100 1738 261 1790 guitur.
285 1762 341 1768 —
362 1737 410 1780 L.
438 1736 655 1780 Judaz'cus
687 1737 827 1780 Boiss.
854 1737 965 1781 Mss!

150 1810 249 1846 Hab.
282 1811 321 1849 in
349 1810 528 1847 dumosis
548 1809 721 1856 regionis
744 1810 899 1846 collinae
924 1814 963 1847 et
991 1814 1200 1856 montanae,
1220 1811 1513 1857 Peloponnesus
1537 1812 1577 1847 in
1596 1822 1675 1857 reg.
1694 1812 1812 1848 infer.

103 1858 248 1893 montis
275 1857 444 1904 Kyllene
470 1857 535 1893 alt.
566 1858 670 1894 2-300'
703 1860 740 1893 et
767 1858 911 1893 montis
937 1857 1092 1894 Malevo
1128 1859 1195 1894 alt.
1210 1858 1344 1902 Ι300οἼ
1371 1859 1508 1906 (Orph.
1546 1859 1600 1894 Fl.
1632 1860 1698 1895 Gr.
1731 1869 1812 1895 exs.

103 1911 145 1939 n⁰
161 1904 278 1950 5861),
300 1904 341 1940 in
363 1905 516 1941 Libano
535 1904 840 1951 vulgatissimus
867 1916 891 1940 a
908 1906 1066 1951 regione
1084 1906 1257 1941 inferiori
1289 1906 1337 1942 ad
1361 1907 1507 1942 Cedros
1539 1905 1621 1951 (Bll
1655 1905 1812 1960 Gaillt),

103 1948 329 2034 {gitilllibano
360 1952 409 1988 ad
439 1952 566 1989 Gebel
592 1951 737 1988 Scheik
771 1952 945 1999 (Gailll),
974 1952 1173 1989 palestina
1203 1953 1253 1988 ad
1287 1956 1525 1990 conventum
1551 1953 1811 1990 St—Johanms

99 2000 118 2043 (
156 2000 189 2035 a·
235 2000 274 2044 !).

147 2064 213 2100 Ar.
232 2063 364 2109 Geoqr.
390 2062 513 2109 Regio
537 2058 824 2100 Mediterranea
839 2063 1010 2111 Europae
1027 2066 1065 2100 et
1078 2065 1217 2102 Africae
1240 2064 1420 2101 borealis.

160 2233 198 2274 4.
232 2233 288 2275 L.
312 2232 723 2276 corniculatus
751 2232 819 2289 (L.
848 2232 920 2288 Sp.
962 2233 1095 2289 1092)
1127 2233 1275 2287 glaber
1305 2235 1374 2277 vel
1408 2235 1597 2289 sparsim
1624 2234 1805 2288 pilosus,

100 2291 295 2334 caulibus
318 2291 670 2345 ascendentibus,
699 2293 858 2347 petiole
881 2292 1040 2351 foliolis
1063 2293 1259 2336 obovatis
1282 2294 1350 2345 vel
1368 2294 1565 2346 oblongis
1589 2294 1807 2346 breviore,

101 2349 357 2404 pedunculis
385 2350 546 2394 crassis
571 2351 792 2394 3-5-ssoris
830 2352 932 2395 folio
969 2352 1104 2394 multo
1138 2352 1423 2407 longioribus,
1454 2353 1612 2407 calycis
1639 2352 1806 2395 laciniis

100 2419 125 2450 e
158 2409 248 2451 basi
279 2409 537 2463 triangulari
575 2410 793 2453 subulatis
834 2411 939 2454 tubo
974 2411 1315 2466 subaequilongis
1354 2411 1610 2466 aequalibus,
1645 2410 1808 2454 vexillo

100 2467 348 2522 orbiculato,
381 2469 462 2510 alis
483 2469 567 2511 late
591 2469 789 2511 obovatis
814 2471 1008 2524 margine
1041 2470 1237 2513 inferiori
1270 2470 1392 2513 valde
1421 2470 1629 2523 curvatis,
1661 2470 1808 2521 carina

101 2525 256 2579 subtus
284 2528 441 2580 angulo
469 2531 585 2570 recto
612 2528 810 2581 infracta,
838 2528 1059 2582 legumine
1084 2529 1233 2582 glabro
1260 2533 1377 2572 recto
1398 2528 1526 2572 tereti
1543 2530 1686 2584 calyce
1709 2528 1806 2583 plu-

101 2584 189 2627 ries
219 2585 409 2640 longiore
443 2592 501 2635 26.

148 2657 250 2693 Hab.
278 2659 319 2694 in
336 2659 458 2706 pratis
475 2658 586 2695 siccis
604 2660 778 2705 regionis
825 2660 1015 2697 raesertim
1032 2664 1241 2705 montanee,
1257 2662 1294 2697 in
1315 2661 1616 2697 australioribus
1636 2660 1808 2708 alpinus,

100 2703 328 2741 Macedonia
346 2710 384 2742 et
400 2707 568 2742 Thracia
587 2707 767 2751 (Grisebl
817 2708 937 2754 'riv!)‚
960 2708 1149 2754 Bithynia
1176 2708 1370 2754 (Thirke),
1392 2710 1580 2744 Armenia
1599 2711 1636 2744 et
1658 2708 1807 2745 Pontus

102 2750 267 2797 (Boni-g!
291 2753 408 2798 Ball),
438 2754 585 2789 Tauria
603 2756 642 2789 et
658 2765 769 2801 prov.
792 2755 858 2790 Cis
885 2759 923 2791 et
941 2756 1282 2791 Tmnseaucasicae
1311 2756 1475 2796 (Ledebl
1505 2756 1662 2803 Ruprl),
1692 2765 1807 2792 mons

102 2797 317 2835 Kuhdaena
344 2801 485 2836 Persia}
509 2803 628 2836 austr.
653 2801 746 2847 (ΚΥ.
775 2812 856 2837 exs.
883 2803 1004 2848 6491),
1030 2803 1292 2841 Turkestania
1321 2803 1371 2839 ad
1398 2803 1577 2838 Buchara
1613 2803 1806 2848 (Lemni),

101 2846 311 2891 Ass'ghania
331 2848 489 2892 (Grifft).

158 2910 202 2965 β.
237 2911 412 2955 niliacas
444 2914 561 2956 Koch
599 2938 659 2946 -
691 2914 854 2958 Foliola
886 2918 930 2958 et
963 2915 1130 2970 calyces
1162 2912 1262 2970 pilis
1299 2908 1437 2969 longis
1475 2915 1629 2958 ciliata.
1672 2940 1724 2947 —
1753 2915 1805 2958 L.

102 2968 439 3015 Tchc'ltatcltewii
465 2972 606 3016 BoiSS.
635 2973 738 3016 Mss.
