1924 3216
68 225 140 260 734
817 224 1019 251 ROSACEAE.
1549 212 1764 249 Poterium.

116 321 239 356 Affine
257 316 541 354 innotescentia
550 317 588 350 et
596 315 721 349 fructu
739 312 915 348 velutino
933 310 980 346 P.
992 310 1126 347 villoso
1139 310 1275 352 Sibth.,
1292 310 1360 346 sed
1372 309 1556 356 glabrum
1568 312 1606 346 et
1617 310 1764 346 fructus

67 368 185 414 triplo
203 367 369 411 majores
387 374 453 399 eos
471 362 517 398 P.
535 360 737 398 verrucosz'
756 359 835 395 fere
853 360 1054 405 aequantes
1079 357 1268 393 muricati.
1310 358 1371 392 An
1389 367 1471 392 var.
1490 357 1535 392 P.
1554 356 1767 394 muricati?

68 415 138 450 sed
167 412 451 448 inflorescentia
478 410 611 444 stricta
643 408 921 442 subracemosa
949 408 986 440 et
1012 405 1158 439 fructus
1189 404 1368 440 velutini.
1400 403 1448 439 P.
1489 403 1766 451 Garyam‘cum

66 462 162 496 Ten.
176 474 219 491 z
240 458 491 503 erz‘ocarpum
508 455 633 501 Spach
654 455 754 490 Anu.
777 453 834 488 Sc.
857 453 945 488 Nat.
973 451 1066 486 1846
1090 452 1217 486 fructu
1239 450 1416 488 velutino
1448 461 1604 497 quoque
1623 451 1767 496 gaudet

67 507 136 542 sed
154 505 438 542 inflorescentia
455 506 492 539 et
512 503 638 537 fructu
657 500 857 536 reticulato
872 499 922 535 ad
941 498 986 534 P.
1006 497 1322 543 Sarmatis-orbam
1344 498 1506 544 propius
1524 498 1682 534 accedit.

130 664 169 704 7.
205 662 260 704 P.
288 668 680 703 verrucosum
704 654 895 705 (Ehrenb
927 653 1018 695 Iud.
1037 654 1160 695 Hert.
1179 653 1320 696 Berol.
1343 654 1466 695 1829.
1489 678 1547 684 —
1563 653 1763 697 Decaisn.

68 723 128 763 Fi.
171 720 323 763 Siuaic.
376 731 415 772 p.
461 719 536 771 39.)
581 715 779 770 capitulis
831 712 1080 767 majusculis
1125 712 1761 767 subcorymboso-paniculatis,

68 781 211 822 fructu
241 777 477 831 majusculo
514 779 639 818 ovato
679 774 747 816 vel
785 771 997 826 sphaerico
1033 771 1224 813 obsolete
1253 774 1477 824 tetragono
1503 774 1592 814 toto
1615 772 1765 814 tuber-

70 839 178 880 culis
213 837 421 889 elongatis
457 835 623 878 obtusis
660 834 792 875 dense
828 831 982 881 obsim,
1003 830 1261 883 angulorum
1298 830 1443 872 cristis
1466 831 1510 872 in
1537 830 1765 873 tubercula

67 898 163 938 aliis
179 896 408 938 conformia
426 893 640 947 profunde
659 892 776 934 fissis
797 890 957 944 saepius
978 889 1242 930 indistinctis
1267 892 1304 934 26
1316 922 1324 929 .
1348 888 1397 931 P.
1416 887 1764 931 Mauritanicum

69 969 164 997 var.
199 955 242 1008 β.
276 954 416 996 Boiss.
459 953 564 1005 Voy.
599 952 699 1004 Esp.
737 974 796 981 —
828 950 875 991 P.
909 947 1124 1001 Maynolii
1158 947 1297 1001 Spach
1329 948 1408 989 loc.
1438 948 1510 990 cit.
1536 960 1576 1002 p.
1613 949 1681 990 38.
1710 972 1765 978 —

69 1014 117 1055 P.
142 1024 430 1066 maycr-camon
457 1011 584 1053 Lowe
611 1010 719 1052 Nov.
749 1008 908 1050 Mader.
936 1020 975 1061 p.
1007 1007 1076 1048 Ἡ.

116 1087 217 1122 Hah.
236 1087 275 1121 in
295 1085 529 1131 graminosis
548 1082 807 1128 Peloponnesi
824 1081 1004 1124 (Boissn.
1025 1078 1149 1114 Cretae
1168 1080 1218 1115 ad
1235 1079 1389 1115 Khania
1408 1079 1569 1126 (Rault),
1587 1080 1766 1126 Smyrnae

66 1145 186 1180 Supra
201 1132 431 1169 Bournabat
443 1131 618 1175 (Boissl‘),
632 1130 745 1165 Ponti
761 1128 810 1164 ad
825 1128 994 1162 Samsun
1008 1127 1190 1171 (Tchihl),
1210 1127 1338 1180 Lyciae
1352 1127 1400 1162 ad
1416 1127 1558 1163 Adalia
1568 1127 1765 1181 (BourgJ),

67 1182 187 1217 totius
205 1180 328 1226 Syriae
345 1178 526 1214 littoralis
545 1180 582 1212 et
599 1176 793 1212 interioris
812 1175 897 1219 (ΒΗ
917 1175 1006 1209 209!
1025 1174 1113 1209 210!
1133 1175 1227 1217 2111,
1246 1174 1371 1210 Ga1111
1390 1174 1596 1220 Hausskl).
1608 1175 1765 1211 Arablae

67 1231 208 1276 petreae
226 1228 276 1263 ad
293 1227 530 1262 conventum
548 1224 656 1259 Sinai
672 1223 812 1268 (Bovel
833 1222 945 1257 Boiss
958 1223 994 1266 !).

125 1294 169 1349 β.
202 1292 535 1342 microcarpum.
565 1314 617 1318 —
643 1288 830 1330 Fructus
862 1288 880 1328 1
910 1286 921 1307 ¹
929 1285 966 1341 μ
997 1298 1075 1328 nec
1101 1287 1124 1328 Ξ
1153 1287 1288 1329 lineas
1313 1287 1481 1340 longus.
1508 1287 1608 1329 Haec
1628 1288 1766 1330 forma

68 1354 111 1395 iu
133 1351 340 1405 Hispania
360 1349 540 1392 australi
563 1359 736 1402 quoque
758 1346 962 1389 occurrit.

114 1426 213 1461 Hab.
234 1425 272 1459 in
291 1423 405 1459 cultis
424 1423 521 1457 circa
540 1420 756 1466 Berythum
775 1419 884 1465 (1311),
902 1419 1143 1455 Damascum
1161 1419 1283 1463 (Gaill
1297 1421 1332 1464 ἱ).

114 1489 208 1523 Haec
226 1487 375 1533 species
393 1486 517 1520 variat
538 1485 663 1519 fructu
689 1483 967 1530 subsphaerico,
991 1485 1118 1525 ovato,
1145 1483 1264 1518 etiam
1282 1483 1603 1529 ovato-oblongo,
1622 1483 1710 1520 basi
1728 1486 1766 1520 et

66 1537 175 1582 apice
194 1533 435 1569 acutiusculo
454 1532 522 1567 sed
548 1542 701 1577 semper
727 1530 938 1565 tuberculis
964 1530 1155 1575 elongatis
1180 1530 1270 1577 plus
1297 1531 1428 1566 minus
1450 1531 1538 1566 basi
1558 1531 1707 1567 coalitis
1728 1534 1767 1567 et.

65 1581 376 1627 subcompressis
398 1581 516 1615 dense
535 1579 673 1613 obsito.
698 1577 739 1612 P.
766 1576 1084 1613 Mam-immicum
1102 1577 1226 1613 Boiss.
1254 1588 1336 1613 var.
1366 1592 1396 1611 α,
1426 1579 1579 1614 videtur
1606 1589 1765 1625 quoque

66 1630 183 1674 hujus
202 1630 328 1663 forma
345 1627 463 1662 costis
485 1627 553 1660 vix
569 1625 708 1660 divisis
728 1627 765 1660 et
785 1625 913 1670 magis
932 1624 1163 1660 manifestis.

66 1741 92 1776 b
109 1695 171 1729 Ar.
187 1694 331 1775 Ιβοοςτ.
358 1692 501 1728 Insulae
520 1691 776 1727 Canarienses
794 1693 832 1726 et
850 1691 1019 1733 Madera,
1038 1690 1242 1738 Hispania,
1265 1690 1398 1726 Gallia
1416 1691 1612 1736 australis,
1632 1691 1764 1727 Africa

96 1751 184 1776 orea
204 1752 249 1775 is.

63 1918 85 1972 ἕ
119 1922 157 1961 2.
193 1944 247 1949 -
279 1918 771 1973 Sarcopoterium.
809 1916 946 1972 Spach
982 1918 1058 1960 loc.
1098 1918 1164 1959 cit.
1192 1931 1282 1972 pag.
1311 1919 1382 1962 43.
1408 1943 1462 1948 —
1489 1918 1623 1972 Calyx
1649 1920 1762 1962 fruc-

241 1978 339 2036 tifer
378 1977 590 2019 baccatus.
634 1976 798 2018 Frutex
836 1977 1040 2031 spinosus
1083 1977 1213 2031 spicis
1256 1977 1451 2031 oblongis
1491 1978 1759 2022 laxiusculis.

238 2037 529 2078 Floresceutia
556 2035 813 2077 ascendens.

122 2199 163 2238 8.
199 2196 255 2238 Ρ.
284 2195 600 2249 spinosum
636 2196 702 2251 (L.
729 2196 801 2250 Sp.
836 2197 964 2250 1411)
1004 2196 1258 2238 fruticosum
1296 2196 1459 2239 humile
1499 2198 1763 2249 intricatum,

62 2256 194 2296 ramis
217 2254 379 2307 glabris
407 2255 474 2296 vel
501 2255 639 2307 hirtis,
675 2255 837 2298 ultimis
875 2256 919 2297 iu
952 2253 1100 2309 spinas
1137 2254 1377 2298 dichotome
1412 2259 1455 2298 et
1495 2256 1764 2298 divaricatim

62 2326 256 2355 ramosas
279 2313 551 2365 abeuntibus,
589 2314 698 2357 foliis
736 2313 972 2356 linearibus
1009 2314 1198 2368 puniatis
1239 2315 1392 2356 foliolis
1432 2315 1622 2357 minimis
1649 2327 1765 2369 saepe

62 2372 236 2414 ‚Jullatis
263 2372 400 2414 ovatis
426 2372 606 2426 integris
640 2374 709 2415 vel
746 2373 863 2426 apice
891 2373 1208 2426 paucidentatis
1245 2385 1380 2426 supra
1412 2374 1574 2427 glabris
1608 2374 1765 2416 subtus

62 2430 258 2474 hirsutis.
281 2431 410 2484 spicis
437 2431 741 2475 terminalibus
769 2428 971 2474 breviter
988 2432 1289 2486 pedunculatis
1318 2432 1387 2473 vel
1415 2433 1644 2475 sessilibus
1670 2433 1764 2475 basi

60 2501 177 2542 salpe
203 2490 461 2543 interruptis
484 2496 518 2538 5.
544 2490 598 2532 Ic.
628 2491 792 2533 Barrel.
822 2492 919 2532 631.
951 2514 1005 2522 —
1031 2490 1092 2532 Fl.
1119 2489 1253 2532 Graec.
1277 2491 1361 2533 tab.
1389 2492 1486 2533 943.

110 2563 206 2598 Hah.
233 2564 388 2609 copiose
408 2564 448 2598 in
472 2564 630 2608 regione
656 2564 782 2599 calida
811 2564 973 2600 Graeoiae
1000 2567 1037 2599 et
1052 2565 1148 2611 ‚ejus
1174 2564 1422 2607 insultu-uini,
1454 2564 1695 2600 Macedoniae
1722 2567 1761 2600 et

59 2610 237 2645 Thracia¹
271 2611 396 2653 (Friv!
440 2611 568 2655 Nom),
611 2611 805 2646 Anatolize
848 2611 1097 2646 occidentalis
1139 2614 1177 2646 et
1218 2611 1484 2647 meridionalis
1512 2613 1762 2657 mariti1nae!,

56 2656 234 2750 {xerepet
251 2658 458 2693 Palestinae
476 2658 658 2693 littoralis
677 2658 854 2703 (Boissl),
881 2659 921 2693 in
938 2658 1168 2693 Antilibano
1193 2658 1262 2693 ubi
1284 2657 1428 2695 Bellan
1456 2658 1598 2695 dicitur
1616 2659 1759 2705 <Em-1).

106 2766 165 2800 Ar.
194 2766 323 2811 Geoqr.
351 2766 544 2810 Sardinia,
569 2766 709 2806 Sicilia„
729 2766 923 2812 Calabria,
941 2766 1153 2803 Dalmatia.
