2045 3227
115 204 237 242 Rosa.
862 210 1072 237 ROSACEAE.
1756 205 1836 241 683

115 286 329 331 subulatis
353 287 422 328 vel
449 281 926 336 subarcuatiS,stipulis
949 284 1193 337 praesertim
1217 296 1438 327 ramorum
1466 284 1683 327 floralium
1700 286 1828 328 valde

115 344 317 394 dilatatis,
350 344 503 388 foliolis
530 344 602 385 5-7
630 342 797 395 magnis
825 340 966 383 ovatis
992 342 1063 383 vel
1092 342 1295 395 ellipticis
1323 355 1457 397 supra
1482 344 1677 386 breviter
1705 346 1827 387 velu-

112 405 215 447 tinis
245 403 401 446 subtus
430 401 684 445 tomentosis
711 399 966 454 simpliciter
994 400 1517 455 dentatisseglandulosis,
1541 402 1724 445 floribus
1754 405 1825 446 1-3

113 463 279 516 magnis
306 462 465 516 pallide
487 460 641 509 roseis,
662 458 921 514 pedunculis
945 459 1106 511 glabris
1130 460 1259 502 nudis
1283 461 1457 514 stipulis
1480 461 1682 504 soliorum
1699 462 1827 504 flora—

112 522 219 564 lium
244 520 494 572 occultatis,
533 519 690 572 calycis
727 519 832 561 tubo
866 517 1013 570 glabro
1059 519 1217 560 inermi
1243 519 1425 562 ovoideo
1459 521 1636 572 glauco,
1665 521 1826 574 sepalis

111 581 249 633 longis
270 579 616 634 appendiculatis
643 576 900 620 tomentosis
927 577 1222 630 eglandulosis
1253 578 1492 632 majoribus
1524 579 1650 632 longe
1674 581 1823 633 pinna-

112 639 261 692 tifidis,
291 639 409 681 disco
436 637 658 688 mediocri,
686 637 830 679 fructu
843 665 975 676 .....
1007 642 1043 685 5.

169 716 213 770 β.
240 715 483 769 spinulosa.
507 738 565 744 -
597 713 860 766 Pedunculi,
890 713 1023 756 tubus
1047 715 1090 755 et
1110 712 1278 756 laciniae
1307 714 1513 768 calycinae
1540 715 1676 758 dense
1706 716 1826 769 glan-

113 773 515 829 duloso-spinulosi.

158 847 259 884 Hab.
278 858 367 884 cum
387 847 576 883 varietate
594 847 634 882 in
654 845 878 893 subalpinis
909 848 946 881 et
966 845 1112 893 alpinis
1142 845 1263 882 vallis
1297 846 1435 893 Djimil
1463 848 1578 883 Ponti
1601 847 1730 884 Lazici
1758 848 1824 883 alt„

109 894 340 932 5400·-6000’
359 894 448 940 [Bal
463 896 499 940 Ι).

157 958 296 994 Affinis
314 957 360 994 R.
382 961 606 993 tomentosae
621 966 693 1003 pro
706 956 1017 1002 cuju82varietate
1030 967 1118 992 eam
1133 956 1242 1002 prius
1256 956 1473 993 habueram
1486 971 1493 1004 3
1507 958 1558 993 ab
1574 961 1619 994 ea
1629 958 1826 1004 imprimis

111 1005 241 1041 differt
258 1004 404 1040 foliolis
424 1004 653 1051 simpliciter
667 1002 848 1044 dentatis,
863 1003 1020 1049 stipulis
1040 1005 1168 1049 magis
1187 1004 1376 1048 dilatatis,
1395 1005 1490 1041 flore
1516 1005 1662 1052 majori,
1681 1007 1826 1053 sepalis

109 1052 355 1098 longioribus
384 1051 545 1098 longius
574 1049 901 1104 appendiculatis.
920 1050 981 1085 Ex
1003 1061 1020 1085 s
1052 1051 1287 1086 eciminibus
1307 1052 1433 1087 tribus
1462 1052 1639 1088 herbarii
1657 1055 1734 1088 mei
1753 1065 1829 1089 cae-

111 1101 239 1136 terum
265 1099 373 1135 foliis
407 1101 446 1134 et
474 1098 573 1134 facie
606 1097 823 1133 sunillimis
853 1097 933 1133 duo
965 1108 1012 1144 pe
1042 1098 1208 1135 unculos
1239 1100 1277 1134 et
1302 1099 1456 1145 calyces
1475 1110 1638 1146 prorsus
1657 1101 1827 1138 inermes

110 1147 268 1183 tertium
287 1145 406 1182 dense
424 1144 906 1193 spinuloso-glandulosos
926 1144 1084 1181 habent.

170 1313 238 1355 32.
272 1311 321 1355 R
346 1311 732 1365 Kotschyana
756 1311 918 1366 (Boiss.
936 1311 1088 1365 Diagn.
1107 1311 1199 1355 Ser.
1223 1312 1256 1365 I,
1280 1313 1347 1363 10,
1371 1325 1409 1366 p.
1428 1312 1475 1367 5)
1494 1313 1661 1356 modice
1680 1314 1825 1357 elata?

108 1371 242 1415 ramis
276 1370 462 1425 glabris,
490 1370 653 1413 aculeis
687 1370 980 1413 conformibus
1016 1371 1173 1414 validis
1209 1384 1233 1413 a
1272 1372 1365 1414 basi
1393 1371 1570 1414 dilatata
1612 1364 1828 1426 elongatis

108 1430 361 1486 patentibus
387 1429 687 1481 subrecurvis,
721 1429 896 1483 stipulis
920 1431 1131 1482 angustis,
1159 1431 1318 1473 foliolis
1344 1432 1418 1473 7-9
1442 1432 1582 1474 ovatis
1616 1433 1827 1486 utrinque

108 1489 366 1533 tomentosis
402 1488 913 1545 subduplicato-serratis
952 1489 1185 1531 denticulis
1225 1490 1498 1532 secundariis
1536 1491 1825 1544 glandulosis,

109 1548 293 1591 floribus
320 1548 390 1590 1-4
414 1546 742 1599 terminalibus,
779 1547 1040 1601 pedunculis
1068 1550 1327 1591 tomentosis
1352 1549 1626 1601 inermibus,
1668 1550 1825 1603 calycis

109 1608 213 1651 tubo
234 1609 360 1649 ovato
388 1607 552 1659 glabro,
583 1606 751 1648 laciniis
778 1619 802 1648 a
829 1607 923 1648 basi
956 1607 1475 1660 triangulari-lanceolata
1502 1608 1628 1662 longe
1663 1610 1825 1651 acumi-

108 1667 220 1710 natis
246 1666 428 1718 integris
455 1665 632 1708 tandem
658 1665 853 1718 reflexis,
883 1666 1001 1708 disco
1026 1666 1244 1719 distincto,
1272 1667 1440 1710 fructu.
1461 1698 1470 1708 .
1493 1699 1500 1707 .
1532 1674 1566 1716 5.

111 1740 256 1825 OrHab.
276 1741 319 1823 {n
337 1740 518 1833 virgultis
534 1741 680 1777 montis
698 1739 790 1776 Kuh
809 1740 945 1776 Daena
970 1741 1114 1776 Persiae
1142 1741 1329 1777 australis
1364 1742 1437 1788 Ky.
1459 1752 1541 1777 exs.
1563 1742 1655 1778 637!
1678 1743 1753 1778 sub
1772 1743 1823 1780 R.

167 1788 275 1824 z‘enta
292 1788 308 1823 ί
322 1798 403 1823 var.
427 1816 433 1822 .
463 1794 466 1796 ·

155 1851 309 1898 Species
327 1851 454 1886 fructu
471 1851 605 1896 ignoto
624 1851 848 1897 imperfecte
867 1853 971 1895 nota,
985 1853 1029 1886 ut
1047 1851 1205 1887 videtur
1222 1851 1271 1888 R.
1292 1856 1520 1889 tomentosoe
1537 1854 1665 1889 affinis
1683 1853 1753 1889 sed
1773 1854 1825 1889 ab

109 1901 155 1935 ea
172 1909 213 1935 se
245 1898 319 1933 alis
345 1898 508 1943 integris
540 1898 779 1944 discrepans,
810 1898 1023 1945 pedunculi
1050 1898 1214 1946 insuper
1243 1899 1415 1935 inermes
1445 1904 1481 1936 et
1500 1901 1712 1936 tomentosi
1737 1912 1825 1947 quae

108 1948 201 1982 nota
235 1948 320 1980 nter
336 1945 461 1981 Rosas
481 1944 597 1980 valde
616 1956 712 1981 rara.
733 1945 878 1981 Ovaria
896 1945 1013 1991 longe
1031 1946 1081 1981 sti
1112 1946 1206 1982 itata
1225 1956 1296 1982 nec
1314 1950 1357 1982 ut
1375 1948 1415 1982 in
1432 1948 1692 1994 descriptione
1710 1949 1827 1984 citata

104 2003 175 2040 per
191 2002 361 2028 errorem
379 1992 547 2037 sessssia,
567 1993 640 2028 hac
657 1995 749 2028 nota
768 1993 934 2028 discedit
952 2005 975 2027 a
992 1993 1039 2029 R.
1060 1992 1252 2029 asbz'canti
1267 1994 1499 2030 indumento
1529 1999 1566 2030 et
1595 1996 1741 2031 aculeis
1768 1996 1822 2030 si-

103 2039 189 2076 mili
207 2039 274 2076 sed
293 2050 382 2086 quae
400 2039 537 2086 planta
561 2040 722 2075 humilis
746 2040 913 2085 videtur,
938 2040 1084 2076 foliolis
1104 2041 1228 2076 multo
1248 2041 1468 2078 minoribus
1494 2043 1824 2079 suborbiculatis.

168 2208 235 2249 33.
273 2207 332 2249 R.
358 2207 862 2252 Vanheurckiana
888 2207 1069 2264 (Crepin
1103 2209 1148 2250 in
1186 2209 1289 2264 litt)
1326 2209 1493 2252 modice
1518 2209 1659 2250 elata?
1687 2210 1822 2251 ramis

108 2266 312 2309 floriferis
337 2267 692 2321 pubescentibus,
721 2268 884 2311 aculeis
923 2268 1217 2311 conformibus
1259 2281 1283 2310 a
1322 2269 1417 2311 basi
1456 2280 1611 2321 parum
1649 2267 1826 2310 dilatata

108 2328 358 2379 compressa
383 2326 600 2369 subulatis
633 2326 844 2381 elongatis
885 2327 1031 2380 rectis,
1071 2327 1248 2381 stipulis
1284 2328 1591 2381 superioribus
1621 2327 1826 2377 dilatatis,

108 2384 265 2428 foliolis
293 2387 316 2426 5
339 2385 688 2439 ovato—ellipticis
717 2385 887 2428 obtusis
913 2386 1169 2440 simpliciter
1197 2386 1385 2429 dentatis
1415 2399 1550 2439 supra
1582 2386 1825 2439 pubescen-

107 2444 223 2486 tibus
251 2444 407 2487 subtus
434 2445 690 2487 tomentosis
719 2445 1028 2498 eglandulosis,
1064 2445 1248 2487 floribus
1290 2446 1497 2488 solitariis
1529 2445 1825 2487 medlocribus

107 2502 261 2552 roseis,
298 2502 557 2556 pedunculis
593 2503 804 2546 brevibus
839 2505 1096 2547 tomentosis
1132 2504 1473 2554 subinerinibus,
1515 2504 1673 2557 calycis
1718 2504 1826 2547 tubo

106 2560 282 2615 globoso
310 2562 732 2615 setoso-glanduloso
759 2563 926 2605 laciniis
952 2563 1211 2605 tomentosis
1239 2563 1538 2617 eglandulosis
1565 2563 1747 2616 integris
1783 2566 1827 2606 et

107 2632 235 2675 parce
259 2621 542 2675 pinnassfidis,
571 2621 687 2664 disco
712 2621 929 2673 distincto,
956 2622 1122 2665 fructu.
1143 2652 1153 2662 .
1175 2653 1183 2663 .
1205 2630 1261 2670 ,5.

154 2693 257 2730 Hah.
275 2695 314 2729 in
334 2694 369 2730 al
402 2694 491 2730 ibus
542 2705 623 2730 rov.
654 2695 794 2731 Mus-ch
821 2693 1020 2731 Armeniae
1039 2696 1224 2731 australis
1251 2695 1301 2731 ad
1328 2696 1433 2731 6000*
1454 2696 1545 2741 (ΚΥ.
1565 2695 1701 2743 Suppl.
1722 2696 1829 2740 7891)

109 2743 146 2776 et
163 2741 203 2776 in
226 2741 331 2777 valle
349 2742 370 2777 ll
392 2752 484 2788 erga
530 2741 608 2778 auk
626 2741 691 2777 alt.
710 2742 816 2778 7000’
839 2742 928 2788 (Ky.
949 2741 1134 2779 exs.'369!
1155 2744 1229 2779 sub
1249 2743 1297 2780 R.
1318 2742 1542 2788 Orientale).

153 2804 381 2841 Pedunculo
409 2807 631 2841 tomentoso
660 2808 697 2840 et
725 2806 957 2841 indumento
989 2806 1118 2841 affinis
1146 2807 1192 2843 R.
1229 2806 1493 2853 Kotsclzyamv
1518 2807 1648 2842 differt
1678 2807 1827 2842 aculeis

107 2851 352 2888 tenuioribus
370 2863 449 2887 non
467 2852 653 2897 recurvis,
671 2848 819 2889 foliolis
838 2853 1070 2900 simpliciter
1095 2854 1254 2889 serratis
1275 2865 1351 2888 non
1374 2854 1631 2898 glandulosis.
1661 2855 1827 2890 Fructus

107 2898 342 2935 immaturus
368 2899 477 2935 disco
509 2899 683 2935 evidenti
714 2901 927 2935 instructus
963 2902 1000 2935 et
1031 2901 1184 2936 laciniis
1217 2901 1406 2946 calycinis
1438 2901 1594 2936 reflexis
1617 2904 1826 2948 superatus

107 2945 263 2981 tandem
283 2947 411 2982 nudus
429 2957 514 2982 esse
533 2946 699 2991 videtur,
718 2951 756 2982 et
780 2947 868 2982 ideo
894 2947 997 2983 hanc
1023 2948 1194 2994 speciem
1225 2950 1266 2984 R.
1294 2953 1523 2985 tomentosoe
1546 2950 1676 2995 potius
1705 2959 1827 2996 quam

107 2991 156 3029 R.
175 2993 416 3030 mollissimoe
433 2994 592 3029 affinem
611 3004 696 3030 esse
717 2996 891 3030 autumo.
