1980 3246
120 233 167 277 36
826 244 1102 272 LEGUMINOSAE.
1562 232 1815 280 Calycotome.

184 355 219 395 1.
257 352 309 396 C.
336 351 555 394 villosa
577 349 705 403 (Vahl
729 348 875 403 Symb.
908 349 972 396 11,
999 361 1039 402 p.
1068 350 1125 391 80
1147 347 1232 390 sub
1255 347 1452 403 Spartio)
1474 346 1607 389 ramis
1630 346 1811 399 striatis,

119 412 276 455 foliolis
309 410 503 453 obovalis
539 409 707 450 inferne
745 407 1021 458 subsericeis,
1062 406 1245 450 floribus
1284 406 1552 461 pedicellatis
1590 404 1643 447 ad
1677 405 1815 447 nodos

121 471 372 526 superiores
395 468 613 520 confertis,
641 467 783 520 calyce
810 466 944 509 dense
985 466 1152 518 villoso,
1174 466 1465 518 leguminibus
1494 463 1816 517 subtetragoni's

119 527 590 572 lanato-hirsutissimis
640 525 963 568 tumidiusculis
1006 529 1043 576 ὅ.
1088 525 1355 577 Calycotome
1395 523 1551 565 villosa
1592 522 1714 565 Link.
1759 548 1814 553 —-

121 587 347 642 Spartfflm
373 585 619 637 lcmisjermn
645 585 762 626 Desf.
791 583 876 626 Atl.
910 585 975 635 11,
999 597 1039 638 p.
1069 585 1163 626 135.
1187 608 1238 613 —
1269 583 1323 625 Ic.
1351 583 1412 624 Fl.
1438 581 1573 624 Graec.
1597 582 1682 624 tab.
1713 582 1812 623 673.

118 673 173 678 --
203 647 243 690 C.
271 645 435 705 Cretica
457 645 580 686 Presl
608 643 808 685 Bemerk.

164 721 264 756 Hab.
295 720 335 755 in
361 719 518 764 regione
551 716 852 763 sempervirenti
875 715 1038 751 Graeciae
1056 717 1095 751 et
1125 715 1209 761 ejus
1241 715 1461 751 insularum
1479 713 1619 759 (Sihth.
1640 713 1816 760 Sprunl),

117 766 433 813 Cretae·(Raul.l)‚
452 765 691 800 Macedoniae
710 766 748 799 et
765 764 962 809 Bithyniae
989 762 1129 808 (Friv.l
1147 762 1334 807 GrisebO,
1368 761 1503 807 Lydiae
1527 761 1578 796 ad
1605 760 1815 805 Smyrnam

116 815 216 860 (Bal.
249 825 327 849 eXS.
358 814 474 857 1951),
505 811 752 858 Pamphyliae
783 814 820 846 et
850 810 980 856 Lyciae
1014 810 1198 856 (Tchih.)‚
1224 809 1369 844 Ciliciae
1401 809 1451 844 ad
1480 808 1652 843 Mersina
1678 807 1814 852 (Ball),

115 862 228 908 Syria
244 861 404 896 littorali
427 869 547 906 prope
572 858 789 903 Berythum
817 857 1030 902 (Ehrenhl)
1057 860 1094 892 et
1123 857 1307 892 Sidonem
1334 856 1506 901 (GaissO,
1532 855 1671 890 Judaea
1696 864 1816 900 supra

115 920 222 946 mare
240 909 437 944 Mortuum
453 907 630 952 (Boissl)‚
650 906 704 941 Fl.
727 906 836 941 Febr.
858 905 969 940 Mart.

160 972 339 1008 Plantam
361 970 589 1006 orientalem
622 969 666 1004 cl.
696 969 804 1004 Presl
831 979 900 1014 pro
927 968 1053 1014 specie
1071 967 1255 1003 distincta
1288 966 1427 1001 habuit
1457 965 1509 1000 ob
1534 965 1651 1000 flores
1669 965 1814 1011 saepius

114 1021 283 1055 minores
311 1020 348 1054 et
375 1018 572 1053 bracteam
601 1017 651 1052 ad
680 1016 860 1062 pedicelli
890 1016 1039 1061 apicem
1059 1014 1243 1050 trilobam
1260 1014 1392 1059 calyce
1413 1013 1633 1048 breviorem
1654 1022 1726 1047 nec
1751 1022 1816 1047 su-

115 1067 336 1112 bintcgram
369 1065 541 1110 calycem
580 1065 814 1110 aequantem,
848 1063 915 1097 sed
958 1062 1159 1108 legumina
1201 1061 1362 1097 omnino
1404 1060 1541 1095 eadem
1581 1062 1619 1095 et
1646 1059 1815 1106 'insuper

113 1114 293 1150 eamdem
318 1113 484 1148 formam
511 1112 666 1146 bractea
690 1110 921 1146 abbreviata
946 1120 993 1145 ex
1011 1109 1206 1156 Hispania
1224 1108 1360 1143 habeo.

159 1178 222 1212 Ar.
245 1176 377 1222 Geoqr.
401 1174 597 1221 Hispania
616 1176 653 1208 et
669 1172 872 1209 Lusitania
890 1172 1092 1216 australes,
1115 1172 1282 1216 Corsica,
1300 1170 1428 1206 Africa
1451 1168 1631 1205 borealis.

628 1344 886 1392 salarium
923 1343 984 1406 (L.
1024 1344 1124 1392 Gen.
1164 1342 1288 1402 858).

174 1506 308 1560 Calyx
329 1506 683 1548 membranaceus
712 1503 968 1558 spathaceus
989 1515 1180 1557 superne
1200 1504 1332 1544 fissus
1356 1501 1622 1545 unilabiatus
1645 1501 1811 1545 minute

112 1566 525 1622 quinquedcnlatus.
545 1564 762 1606 Vexillum
790 1563 980 1616 amplum
1001 1562 1301 1611 orbiculatum,
1326 1562 1492 1603 alarum
1521 1573 1688 1614 ungues
1708 1561 1812 1604 tubo

112 1625 322 1669 stamineo
349 1625 507 1675 adnati,
549 1624 705 1665 carinae
740 1623 878 1676 petala
910 1622 1122 1664 distincta.
1165 1621 1356 1663 Stamina
1395 1620 1536 1663 omnia
1572 1620 1617 1662 in
1656 1620 1811 1663 tubum

110 1686 306 1728 clausum
339 1687 532 1726 connata.
577 1682 796 1735 Legumen
832 1682 993 1723 lineare
1021 1692 1319 1734 compressum
1352 1680 1693 1733 polyspermum.
1736 1679 1812 1722 Se-

109 1744 226 1786 mina
250 1743 572 1797 estrophiolata.
600 1767 658 1771 —
679 1741 925 1783 Arbuscula
945 1740 1057 1782 foliis
1084 1739 1378 1782 unifoliolatis.

178 1902 210 1942 1.
238 1900 289 1943 S.
323 1901 600 1955 junceum
628 1898 695 1953 (L.
724 1897 795 1951 Sp.
825 1895 930 1951 995)
957 1897 1110 1938 trunco
1138 1895 1318 1948 lignoso,
1343 1894 1476 1936 ramis
1504 1894 1809 1948 superioribus

111 1960 302 2003 tenuiter
342 1958 506 2001 stri-atis
545 1957 753 2010 elongatis
790 1956 960 2009 junceis
1000 1954 1290 2008 subaphyllis,
1330 1954 1475 1995 foliolo
1517 1953 1700 2006 oblongo
1741 1955 1810 1996 vel

110 2019 481 2070 lineari-oblongo,
508 2016 690 2060 ssei-ibus
724 2015 849 2057 ssavis
876 2014 1028 2068 amplis
1059 2014 1105 2055 in
1137 2025 1330 2055 racemos
1369 2012 1621 2055 terminales
1663 2013 1810 2056 oblon-

110 2091 187 2133 gos
212 2077 477 2120 laxiusculos
501 2076 737 2130 dispositis,
757 2075 971 2127 legumine
995 2073 1143 2126 glabro
1166 2072 1416 2125 longIssimo
1437 2076 1473 2121 ὅ.
1499 2071 1554 2113 Ic.
1584 2071 1646 2113 Fl.
1672 2070 1807 2114 Graec.

109 2138 196 2180 tab.
222 2138 320 2179 671.

156 2211 257 2246 Hah.
279 2211 319 2246 in
339 2210 507 2246 collibus
526 2208 635 2245 siccis
653 2208 772 2244 totius
791 2207 952 2242 Graeciae
971 2209 1007 2242 et
1026 2205 1291 2251 Archipelagil
1310 2204 1550 2239 Macedoniae
1569 2206 1606 2239 et
1630 2203 1809 2240 Thraciae

108 2258 309 2304 (Griseb.)‚
346 2258 544 2303 Bithynia}
575 2256 739 2300 (Thirke
749 2257 774 2300 1)
790 2284 797 2297 ,
836 2254 971 2300 Lydiae
1001 2254 1052 2289 ad
1083 2253 1293 2298 Smyrnam
1313 2251 1412 2296 (Bal.
1441 2261 1518 2286 exs.
1545 2251 1660 2295 1941),
1679 2251 1808 2297 Lyciae

108 2305 302 2351 (Telum),
321 2305 445 2350 Syriae
463 2305 563 2339 inter
580 2303 796 2347 Berythum
814 2305 852 2337 et
876 2302 1114 2337 Damascum
1142 2301 1182 2335 in
1211 2299 1361 2335 Libano
1391 2298 1507 2343 (Ehrl
1538 2298 1679 2343 Gailll)
1706 2302 1743 2334 et
1768 2300 1808 2335 in

105 2353 264 2398 regione
287 2352 498 2398 subalpina
516 2352 659 2386 montis
678 2351 850 2385 Hermon
869 2349 932 2384 alt.
948 2348 1053 2384 5000'
1072 2348 1162 2393 (ΚΥ.
1193 2357 1269 2382 exs,
1290 2346 1409 2391 2262),
1428 2345 1627 2381 Palestinst
1654 2346 1704 2381 ad
1731 2347 1810 2382 Na-

107 2400 238 2436 zareth
256 2400 373 2444 (Roth
386 2402 421 2444 l),
440 2398 626 2434 Armenia
644 2398 805 2433 Rossica
821 2397 886 2441 (ex
904 2396 1071 2441 Ledeb.)
1091 2395 1147 2430 Fl.
1165 2394 1293 2438 Junio,
1310 2394 1474 2429 Arabice
1502 2392 1677 2429 Wuzam.

107 2511 133 2547 b
153 2464 215 2499 Ar.
230 2463 366 2545 l(ssreoqr.
387 2463 533 2498 Insulae
556 2461 826 2505 Canarienses,
844 2460 950 2506 regio
967 2459 1254 2494 Mediterranea
1276 2460 1395 2493 totius
1418 2457 1586 2503 Europae
1616 2459 1653 2492 ct
1668 2457 1809 2493 Africae

137 2521 226 2546 orea
246 2521 289 2545 1s.

502 2661 707 2709 RETAMA
729 2659 873 2722 (Boiss.
903 2660 999 2722 Voy.
1031 2659 1117 2708 not.
1157 2659 1253 2721 Esp.
1288 2657 1411 2711 143).

168 2826 302 2880 Calyx
329 2825 599 2879 spathaceus.
624 2822 799 2876 Ungues
829 2821 932 2864 tubo
953 2820 1163 2863 stamineo
1190 2820 1347 2863 adnati.
1376 2820 1568 2863 Stamina
1591 2820 1736 2862 omnia
1762 2821 1807 2863 in

106 2887 261 2930 tubum
298 2885 494 2926 clausum
529 2885 722 2925 connata.
762 2880 980 2933 Legumen
1021 2879 1219 2922 inflatum
1248 2879 1497 2933 sphericum
1531 2879 1602 2921 vel
1630 2882 1807 2921 ovatum

105 2955 462 2998 monospermum
491 2941 864 2984 subindehiscens.
888 2939 1061 2980 Semina
1087 2938 1406 2992 estrophiolata.
1425 2963 1483 2968 -
1498 2939 1697 2981 Frutices
1719 2939 1807 2992 gla-

106 3004 318 3046 briusculi
343 3002 475 3044 ramis
503 3001 682 3054 virgatis
710 2998 1013 3053 ephedroideis
1042 2997 1215 3039 demum
1243 2998 1443 3051 aphyllis.
