2065 3236
224 201 296 241 66⁴
1010 209 1212 237 ROSACEAE.
1722 198 1937 246 Crataeyus.

286 327 355 369 10.
390 326 448 373 C.
477 327 856 381 oxyacantha
881 325 935 381 (L
970 323 1041 379 Sp.
1061 326 1168 381 683)
1185 324 1368 369 ramulis
1384 324 1561 379 glabris,
1581 323 1693 368 foliis
1719 323 1935 379 glabrius-

222 385 332 428 culis
357 385 450 427 basi
474 386 669 429 cuneatis
695 384 1191 431 obovato-rhombojdeis
1226 384 1436 427 3·5-lobis
1464 383 1574 427 lobis
1591 384 1760 427 obtusis
1778 384 1933 433 obtuse

222 446 420 488 cuneatis
450 445 518 487 vel
549 444 752 496 dentatis,
777 444 996 498 corymbis
1020 443 1184 497 glabris
1219 443 1486 498 paucifloris,
1519 443 1643 497 stylis
1670 444 1694 485 2
1718 444 1863 486 rarius
1895 445 1933 493 1,

221 503 390 546 laciniis
414 503 618 558 calycinis
644 502 1077 557 triangulari-ovans,
1108 501 1252 554 fructu
1289 502 1615 555 ovato-globoso
1650 503 1674 544 2
1711 502 1857 545 rarius
1888 503 1934 545 1-

225 574 395 617 pyreno
418 569 454 611 5.
480 562 537 605 Ic.
565 562 683 617 Jacq.
709 562 859 605 Austr.
886 563 984 604 292.
1012 586 1058 592 —
1074 560 1118 604 C.
1142 560 1512 615 ooeyacanthoidcs
1537 560 1701 604 Tbuill.

272 636 372 672 Hab.
391 637 433 672 in
450 637 602 673 frutetis
619 639 656 672 et
674 636 880 682 sylvaticis
900 636 1099 671 montanis
1118 634 1280 672 Graeciae
1303 634 1466 681 (Sibth),
1490 634 1583 671 Pelo
1612 635 1750 671 onnesi
1767 635 1808 670 in
1831 634 1937 671 Mes-

226 684 337 720 senia
354 684 513 738 (Boryl)
531 686 568 720 et
594 685 728 720 monte
756 683 913 719 Malevo
939 682 1113 730 (Orphl),
1146 682 1337 728 Zacynthi
1352 682 1533 728 (Margi),
1550 682 1582 717 T
1615 682 1728 717 raciae
1753 683 1791 718 et
1808 681 1934 718 Mace-

223 730 585 777 doniae(G1-1seh1),
617 731 814 767 Armeniae
841 731 1014 766 Turcicae
1044 729 1213 776 (Calvi),
1241 728 1398 765 Tauriae
1429 732 1466 765 et
1495 739 1603 776 prov.
1631 725 1934 765 Caucasicarum

222 777 355 823 (MR,
374 778 546 824 Ledeb),
562 779 602 814 in
618 778 976 814 Caucasildistrictu
994 777 1175 814 Radscha
1191 776 1421 814 2000’-2500’
1443 776 1712 823 (Ruprechtl).

283 842 326 898 β.
351 842 589 886 Caucasica
629 842 672 885 C.
714 843 831 886 Koch
871 843 916 885 in
942 842 1078 885 Verh:
1113 841 1202 884 Bef.
1246 840 1368 884 Gart.
1394 841 1458 895 II,
1495 841 1595 884 286.
1621 840 1812 883 —Folia
1839 841 1935 882 5-7-

224 901 311 944 fida
336 902 504 945 laciniis
524 901 887 955 inciso-dentatis,
919 901 1067 956 glabra
1102 900 1259 955 petiolo
1298 900 1449 954 piloso,
1485 900 1587 954 styli
1617 901 1776 942 2-8-
1796 899 1931 952 Mesp.

226 959 460 1004 Caucasica
487 961 528 1004 C.
554 962 672 1005 Koch
700 961 985 1004 Wochenscb.
1010 959 1164 1003 G'artn.
1191 960 1318 1013 1862,
1343 972 1382 1015 p.
1403 957 1502 1002 405.

271 1034 374 1071 Hab.
394 1035 435 1070 in
458 1035 768 1071 Transcaucasia
785 1035 891 1080 (CA.
910 1034 1012 1080 Mey.
1032 1044 1079 1070 ex
1098 1033 1139 1069 C.
1158 1032 1297 1078 Koch).
1315 1032 1404 1077 Non
1422 1032 1517 1069 vidi.

272 1099 333 1135 Ex
346 1099 609 1147 descriptione
627 1110 651 1135 a
671 1098 710 1136 C.
729 1096 989 1146 ooeyacantkd
1006 1098 1186 1145 specifice·
1204 1108 1283 1134 non
1302 1097 1458 1133 differre
1473 1095 1645 1134 videtur.

269 1163 332 1199 At.
359 1163 492 1210 Geoqr.
519 1162 679 1211 Europa
700 1162 832 1199 media
850 1165 886 1198 et
904 1161 1101 1207 australis,
1119 1160 1265 1198 Sibiria
1277 1160 1492 1206 Uralensis,
1507 1159 1639 1196 Africa
1656 1159 1838 1204 borealiS.

291 1314 356 1356 11.
392 1312 449 1371 C.
494 1322 840 1368 monoqyna
865 1311 1033 1367 (Willd.
1074 1310 1227 1355 Enum.
1269 1310 1356 1353 524
1391 1308 1474 1352 sub
1513 1307 1711 1364 Mespila)
1752 1308 1934 1353 ramulis

222 1371 538 1430 glabriS‚‚foliis
565 1371 792 1426 puberulis
819 1371 887 1414 vel
911 1370 1116 1425 glabratis
1149 1369 1244 1414 basi
1275 1368 1471 1415 cuneatis
1494 1368 1691 1418 obovatis
1719 1367 1934 1423 profunde

226 1432 425 1475 3-5-fidis
448 1433 572 1474 acute
605 1431 754 1474 incisis
781 1431 850 1473 vel
876 1430 1080 1480 serratis,
1109 1429 1327 1483 corymbis
1356 1429 1451 1471 laxe
1482 1427 1710 1482 puberulis
1745 1426 1815 1469 vel
1846 1427 1936 1480 gla-

228 1490 381 1545 bratis,
407 1490 520 1545 stylo
551 1491 595 1543 1,
618 1490 784 1533 laciniis
811 1489 968 1544 calyc1s
995 1487 1549 1542 triang[ilari-lanceolatis,
1588 1487 1733 1530 fructu
1757 1486 1934 1539 globoso

226 1561 524 1605 monopyreno
547 1555 581 1598 5.
611 1549 667 1591 Ic.
694 1549 811 1604 Jacq.
831 1549 982 1592 Austr.
1010 1548 1095 1590 tab.
1122 1549 1231 1599 292,
1260 1546 1330 1600 fig.
1370 1548 1405 1589 1.
1425 1545 1628 1598 -Μεερ,
1658 1543 1935 1599 oxyacantha

226 1623 308 1651 n.‹:.
328 1609 391 1651 Fl.
422 1608 492 1652 Fr.
518 1632 578 1641 —
604 1607 648 1651 C.
675 1607 883 1651 Azarella
910 1606 1080 1649 Griseb.
1105 1606 1216 1661 Spic.
1246 1606 1289 1659 I,
1321 1619 1361 1661 p.
1389 1607 1460 1649 88.
1486 1630 1541 1636 —-
1568 1605 1610 1648 C.
1634 1602 1935 1657 heterophylla

227 1667 345 1711 Stev.
378 1668 511 1711 Taur.
545 1669 625 1710 147
654 1679 739 1710 non
764 1667 937 1721 Flugge.

276 1742 377 1779 Hab.
396 1743 436 1778 in
455 1742 613 1788 regione
631 1741 805 1777 inferiori
833 1743 873 1777 et
895 1742 1084 1777 montana
1103 1740 1181 1776 fere
1199 1739 1320 1776 totius
1337 1739 1499 1775 ditionis
1525 1749 1549 1775 a
1567 1738 1720 1774 Graecia
1741 1738 1782 1773 in
1806 1737 1936 1773 Attica

227 1790 276 1826 ad
294 1789 350 1825 Ke
382 1790 533 1826 blssum
549 1789 694 1834 (Heldr
708 1791 745 1834 l),
764 1791 801 1824 et
818 1788 1048 1823 Macedonia
1064 1787 1273 1832 (Grisebl),
1291 1787 1341 1822 ad
1359 1787 1534 1823 Persiam
1553 1786 1633 1821 bor.
1652 1786 1693 1821 in
1715 1787 1848 1821 monte
1868 1783 1934 1821 El-

226 1836 390 1928 ἓᾜῗιὲ).
398 1848 432 1883 y.
451 1848 531 1873 exs.
546 1837 662 1883 6901),
680 1836 836 1883 Syriam
860 1835 1083 1881 littoralem,
1114 1834 1310 1871 Libanum
1335 1836 1374 1870 et
1397 1834 1676 1870 Antilibanum
1694 1832 1842 1878 (Boissl
1861 1829 1929 1868 Bll

286 1949 330 2004 β.
365 1948 602 1992 hirsutior.
630 1948 817 1991 —Folia
845 1948 1052 2002 utrinque
1074 1950 1123 1990 ut
1143 1945 1343 2002 pedicelli
1363 1946 1581 1988 villosula.

275 2022 377 2058 Hab.
396 2021 438 2058 in
456 2022 586 2058 Tauro
605 2021 763 2058 Cilicico
780 2021 869 2068 (Ky.
889 2031 969 2056 exs
993 2020 1078 2056 1891
1098 2020 1175 2056 sub
1195 2019 1233 2057 C.
1254 2018 1478 2064 Ονὶεηταίᾒ.

273 2088 429 2136 Species
449 2088 575 2125 forma
594 2090 632 2124 et
648 2087 921 2134 magnitudine
942 2086 1127 2123 foliorum
1145 2085 1264 2122 valde
1281 2084 1500 2121 variabilis.

270 2153 335 2188 Ar.
363 2153 495 2198 Geoqr.
521 2151 681 2199 Europa
698 2153 790 2196 tota,
808 2150 940 2186 Africa
957 2149 1141 2195 borealis,
1159 2148 1270 2185 India
1287 2147 1715 2184 boreali-occidentalis.

293 2293 357 2335 12.
392 2292 447 2337 C.
478 2293 762 2337 laciniata
799 2292 939 2346 (Stev.
973 2292 1018 2334 in
1058 2292 1219 2335 Besser
1261 2291 1414 2334 Enum.
1455 2289 1594 2332 Wolb.
1639 2289 1714 2345 38)
1748 2288 1931 2333 ramulis

229 2351 474 2395 hornotinis
506 2352 699 2399 villosis,
738 2352 852 2394 soliis
879 2351 1072 2406 margine
1110 2355 1153 2394 et
1186 2351 1342 2406 petiolo
1380 2349 1548 2393 villosis
1586 2348 1751 2391 ambitu
1795 2348 1934 2392 ovatis

225 2411 415 2465 abrupte
440 2411 637 2454 cuneatis
661 2410 881 2464 5-partitis
908 2411 1073 2454 laciniis
1098 2411 1196 2453 latis
1223 2410 1342 2465 apice
1365 2409 1514 2451 incisis
1539 2401 1741 2461 de’utatis,
1765 2419 1934 2461 corym-

224 2469 296 2520 bis
319 2470 619 2522 albo-villosis,
642 2471 755 2524 stylo
778 2472 814 2522 1,
838 2470 1005 2513 laciniis
1028 2470 1184 2524 calycis
1208 2468 1457 2512 lanceolatis
1478 2469 1626 2511 ovario
1651 2466 1934 2520 longioribus,

225 2528 372 2573 fructu
409 2529 586 2583 globoso
624 2541 922 2584 monopyreno
963 2536 997 2580 5.
1043 2528 1254 2582 Mespilus
1294 2526 1504 2569 laciniam
1540 2524 1584 2569 C.
1623 2526 1741 2568 Koch
1782 2524 1933 2568 Woch.

226 2587 386 2631 Gartn.
422 2589 548 2641 1862,
575 2601 618 2643 p.
645 2589 743 2630 407.

275 2660 376 2697 Hah.
395 2662 436 2697 in
456 2661 603 2697 Tauria
619 2661 769 2706 (Stev.].
792 2662 880 2697 Non
898 2661 992 2697 vidi.

275 2727 310 2762 A
333 2725 372 2762 C.
387 2721 613 2774 monofyynd
631 2737 679 2761 ex
697 2725 743 2761 cl.
763 2725 802 2760 C.
817 2725 926 2761 Koch
946 2725 1130 2762 foliorum
1156 2724 1389 2773 profundius
1412 2724 1669 2760 dissectorum
1687 2722 1935 2766 indumento,

225 2773 419 2820 corymbo
432 2773 587 2819 laxiori,
604 2773 750 2820 sepalis
769 2773 1012 2819 longissimis
1031 2773 1215 2810 distincta
1232 2773 1301 2810 sed
1319 2771 1482 2820 probab.
1503 2770 1621 2818 hujus
1638 2771 1776 2807 torma.

293 2904 358 2946 13.
394 2902 446 2947 C.
482 2903 793 2958 lagenaria
827 2903 892 2958 (F.
922 2906 965 2946 et
991 2903 1044 2944 M.
1080 2902 1125 2945 in
1164 2902 1331 2945 Hohen.
1377 2901 1564 2956 Talysch
1599 2900 1751 2943 Enum.
1780 2913 1821 2955 p.
1853 2900 1932 2942 131

224 2961 395 3018 ubsque
422 2961 747 3017 descriptione),
772 2962 904 3005 ramis
932 2961 1141 3005 tenuibus
1166 2961 1352 3016 glabris,
1375 2960 1549 3023 petiolis
1577 2959 1785 3004 tenuibus
1817 2960 1938 3003 elon·
