2019 3257
145 218 348 281 Zzzyphus.
849 242 1070 269 RHAMNEAE.
1786 240 1834 277 13

187 312 285 348 Hab.
311 311 351 346 in
369 310 487 346 aridis
505 313 542 346 et
562 310 749 358 lapidosis
766 311 983 356 praesertim
1010 311 1236 358 maritimis,
1263 313 1418 349 Graecia
1449 314 1489 350 in
1517 315 1665 352 Isthmo
1692 317 1829 353 Corin-

142 359 265 395 thiaco
290 359 389 393 'mter
418 358 627 393 Kalamaki
656 360 694 393 et
726 357 962 393 Corinthum
999 358 1194 403 (Heldrl)
1220 359 1373 406 Cyprus
1414 362 1454 396 in
1481 364 1687 399 maritimis
1732 365 1830 401 Lar-

141 416 237 442 naca
262 404 384 451 (Ky.).

185 469 328 505 Frutex
343 469 406 504 3-4
430 469 591 515 pedalis.
617 468 762 514 Drupae
781 468 867 514 piso
886 468 1062 514 majores.

183 532 246 567 Ar.
274 530 406 575 Geoqr.
444 530 636 576 Hispania
664 529 1026 574 austro-orientalis,
1058 529 1206 576 Sicilia,
1237 532 1363 567 Africa
1383 531 1572 579 borealis,
1603 534 1750 570 Arabia
1775 536 1826 571 ad

139 588 243 614 mare
262 578 439 613 Rubrum
464 577 682 622 (Schweinf
690 579 725 621 l).

196 711 232 752 3.
244 710 295 752 Z.
308 708 736 764 Spina-Christi
750 706 817 765 (L.
838 707 909 761 Sp.
929 709 1011 750 282
1025 709 1107 751 sub
1127 708 1345 762 Rhamno)
1366 711 1547 753 arborea
1562 713 1693 755 ramis
1707 715 1823 756 elon-

134 769 241 822 gatis
271 768 424 810 albidis
451 769 635 821 glabris,
663 767 836 820 stipulis
876 767 1226 810 aculeiformibus
1268 768 1422 811 validis
1458 770 1597 812 altera
1627 777 1822 826 recurva,

134 828 245 869 foliis
271 827 519 880 majusculis
542 826 702 879 glabris
730 826 797 867 vel
823 826 979 868 subtus
997 827 1049 867 ad
1072 838 1229 868 nervos
1255 828 1482 879 puberulis
1512 843 1533 871 a
1562 829 1654 871 basi
1673 835 1822 873 rotun-

134 885 230 928 data
258 886 325 927 vel
362 885 618 927 subcordata
651 885 790 927 ovatis
824 885 892 926 vel
915 885 1110 938 oblongis
1144 885 1337 927 obsolete
1370 888 1555 929 crenatis
1582 889 1821 943 trinerviis,

132 944 312 986 floribus
340 943 589 986 axillaribus
611 943 858 997 glomeratis
884 944 1104 997 pedicellis
1133 945 1398 996 tomentosis‚
1428 945 1820 1001 drupaovato-glo-

131 1003 235 1045 bosa
259 1007 284 1053 5
301 1003 343 1044 Z.
369 1001 690 1054 Spina-Christi
707 1001 773 1042 W.
795 1001 866 1055 Sp.
890 1003 926 1053 1.
951 1016 976 1056 p
1008 1004 1129 1044 1105.
1151 1026 1185 1030 —
1221 1003 1263 1044 Z.
1287 1002 1567 1056 heteroymzea
1591 1005 1737 1048 Burm.
1757 1007 1817 1048 Fl.

132 1061 223 1104 Ind.
252 1074 291 1115 p.
316 1062 368 1103 61
403 1061 484 1103 sub
502 1061 701 1103 Rlzamno
729 1059 885 1114 (forma
903 1061 1084 1103 floribus
1103 1060 1445 1116 depauperatis).
1467 1088 1519 1092 -
1540 1063 1622 1105 Rlzf.
1651 1064 1822 1107 Nabeea

130 1120 278 1163 Forsk.
301 1119 394 1173 AEg.
422 1120 525 1168 204,
552 1132 637 1162 non
664 1119 708 1161 L.

175 1192 275 1247 Hab.
302 1192 528 1274 inAEgypto
547 1193 681 1246 (Dei),
700 1192 861 1228 desertis
879 1192 1090 1246 ¹Ijhebaidis
1110 1192 1309 1247 (Hussoffl)
1321 1192 1479 1250 ⁴Arabi-(i
1495 1194 1631 1247 Rem-ea
1648 1195 1821 1241 (Boissl)⁷

128 1239 325 1275 Palestina
342 1250 383 1275 in
397 1240 460 1274 val
479 1250 498 1274 e
516 1239 677 1275 Jordam
696 1250 815 1286 prope
833 1239 985 1275 Jericho
1004 1239 1180 1284 (B01ss!),
1204 1240 1337 1284 Pei-Sia
1354 1240 1523 1275 australi
1548 1243 1648 1277 mter
1670 1241 1821 1288 Seytun

128 1289 168 1322 et
202 1286 386 1322 Bebehan
411 1286 586 1331 (Haussk
600 1288 638 1331 ἔ),
667 1297 787 1333 prope
821 1287 975 1322 Kasrun
1006 1289 1043 1322 et
1074 1285 1266 1321 Bouschir
1283 1287 1424 1331 (Auch.
1443 1287 1582 1333 43201)‚
1609 1289 1823 1334 Affghania

127 1333 280 1378 (Griffl).
293 1354 338 1358 —
355 1333 520 1369 Arabice
538 1332 642 1370 Sz'rlr.
661 1333 724 1369 vel
744 1333 873 1381 Habq.

186 1399 228 1454 β.
252 1398 446 1441 inermis.
476 1423 530 1429 ——
556 1399 708 1442 Aculei
736 1400 857 1451 nulli,
884 1399 983 1441 folia
1009 1399 1170 1453 majora
1196 1399 1431 1442 obtusiora.

170 1474 336 1510 Abunde
353 1474 493 1510 colitur
508 1475 548 1509 in
566 1475 756 1521 AEgyptol
775 1475 886 1520 Syria
905 1474 1067 1510 littorali
1084 1474 1132 1509 ad
1152 1474 1301 1520 Tyrum
1317 1476 1354 1510 et
1371 1474 1555 1511 Sidonem
1569 1475 1657 1521 (ΒΗ,
1676 1477 1819 1522 Gailll)

125 1520 286 1556 Fructus
304 1521 437 1556 edules
457 1521 621 1570 Nabqah
638 1522 739 1557 dicti.

170 1585 231 1621 Ar.
268 1585 395 1630 Geoqr.
421 1586 552 1621 Africa
577 1585 745 1621 borealis
773 1585 824 1621 ad
850 1584 1000 1630 Biskra,
1031 1584 1186 1630 Nubia,
1220 1585 1456 1631 Abyssinia,
1487 1587 1632 1622 Arabia
1656 1588 1818 1634 tropica,

123 1630 232 1668 India
249 1631 328 1668 bor.
348 1632 608 1668 occidentalis.

179 1770 860 1826 4.z.nummu1aria(Wa1k.
874 1770 980 1813 Arn.
993 1771 1146 1814 Prodr.
1159 1770 1191 1816 Ι,
1211 1771 1312 1826 162)
1322 1771 1526 1813 fruticosa
1542 1772 1813 1814 divaricatim

120 1828 412 1871 ramosissima
428 1830 560 1872 ramis
583 1830 789 1872 flexuosis
807 1831 1090 1883 tomentellis,
1115 1830 1287 1883 stipulis
1303 1830 1653 1873 aculeiformibus
1678 1832 1815 1874 altera

120 1889 302 1930 recurva
319 1921 328 1939 ,
351 1888 461 1930 foliis
488 1889 885 1931 ovato-orbiculatis
911 1889 1175 1942 subintegris
1207 1889 1371 1931 minute
1394 1889 1647 1931 acuminatis
1677 1890 1814 1932 utrin-

120 1958 204 2000 que
235 1947 492 1989 tomentellis
515 1948 673 1990 subtus
696 1948 830 2001 magis
858 1947 974 1990 canis
993 1948 1246 2000 trinerviiS,
1275 1947 1457 1989 floribus
1487 1948 1741 1991 axillaribus
1768 1949 1812 1991 in

120 2016 263 2058 cymas
293 2006 469 2048 sessiles
498 2007 769 2048 tomentellas
811 2006 1054 2060 dispositis,
1083 2007 1224 2060 drupa
1264 2007 1430 2048 minuta
1470 2007 1644 2059 globosa
1684 2012 1720 2058 5.
1766 2008 1810 2049 Z.

118 2063 412 2120 rotzmdz‘folia
436 2064 549 2106 Lam.
575 2065 683 2107 Dict.
702 2065 776 2117 III,
795 2066 891 2107 319.
913 2089 962 2096 —
978 2065 1206 2107 Rhamnus
1231 2064 1530 2106 nmmum-laria
1548 2065 1695 2108 Burm.
1716 2066 1809 2108 Ind.

118 2134 158 2176 p.
186 2122 380 2164 61.—Z.
398 2122 687 2177 microphylla
707 2124 843 2167 Roxb.
874 2124 965 2166 Ind.
994 2124 1025 2177 I,
1049 2125 1147 2167 613.

163 2194 262 2230 Hab.
289 2195 330 2230 in
358 2196 559 2232 montibus
590 2196 706 2233 vallis
733 2197 845 2233 fluvii
871 2197 1049 2243 Chyrsan
1075 2209 1195 2245 prope
1227 2197 1406 2234 Malemir
1439 2198 1479 2232 in
1505 2208 1614 2244 prov.
1641 2197 1812 2233 Susiana

116 2241 258 2277 Persiae
275 2243 675 2279 austro-occidentalis
694 2244 911 2289 (Haussk!).

160 2288 271 2324 Folia
290 2290 437 2335 majora
470 2290 586 2325 diam.
610 2291 674 2326 6-8
706 2290 771 2326 lin.
802 2291 893 2333 lata,
921 2291 1056 2338 drupae
1082 2292 1354 2337 magnitudine
1381 2291 1470 2338 pisi.
1497 2291 1687 2337 Congruit
1720 2301 1809 2330 cum

116 2336 323 2382 specimine
349 2347 396 2372 ex
412 2337 731 2384 Pentapotamide
749 2349 772 2373 a
789 2338 834 2374 cl.
860 2339 1062 2374 Thomson
1084 2339 1192 2374 lecto.

161 2401 223 2437 Ar.
253 2401 381 2448 Geoqr.
415 2402 525 2438 India
542 2403 718 2439 borealis.

174 2516 211 2557 5.
237 2515 287 2559 Z.
303 2516 520 2572 Jujuba
541 2516 606 2573 (L.
633 2517 706 2572 Sp.
735 2519 817 2560 282
842 2519 925 2562 sub
956 2518 1171 2574 Rhamno)
1194 2518 1389 2563 arborea.
1426 2518 1556 2560 ramis
1596 2518 1805 2570 elongatis

115 2575 402 2628 tomentellis,
448 2577 622 2631 stipulis
672 2577 1021 2620 aculeiformibus
1042 2577 1316 2620 rectiusculis
1354 2578 1423 2619 vel
1459 2578 1595 2619 altera
1621 2579 1806 2619 recurva

116 2632 255 2676 rarius
290 2634 493 2677 solitariis
521 2636 589 2678 vel
627 2637 755 2678 etiam
786 2637 995 2687 evanidis,
1036 2636 1148 2679 soliis
1184 2636 1435 2690 majusculis
1467 2636 1606 2678 ovatis
1637 2635 1805 2677 obtusis

117 2690 306 2735 obsolete
352 2694 585 2737 crenulatis
633 2696 700 2737 vel
746 2695 925 2749 integris
968 2695 1124 2738 subtus
1167 2695 1374 2748 adpresse
1420 2694 1805 2736 tomentoso-canis

115 2749 335 2794 trinerviis
377 2753 651 2799 nervulosis,
685 2754 870 2796 floribus
922 2754 1175 2796 axillaribus
1219 2753 1470 2805 glomeratis
1518 2751 1802 2799 tomentosis.

115 2806 255 2862 drupa
276 2811 599 2863 ovato-globosa
617 2813 866 2855 tomentella
889 2816 925 2863 ὅ.
947 2813 990 2854 Ζ.
1014 2811 1181 2864 Jujnba
1201 2812 1316 2853 Lam.
1346 2812 1454 2854 Dict.
1481 2812 1554 2852 Ill.
1576 2824 1616 2865 p.
1640 2812 1802 2852 318.—

116 2864 168 2907 Ic.
196 2867 343 2921 Wight
363 2868 418 2910 Ic.
443 2869 474 2922 Ι,
502 2871 568 2912 99.
597 2896 652 2901 ——
670 2871 712 2912 Z.
738 2871 1028 2913 orthacantlza
1052 2884 1130 2914 nc.
1155 2871 1309 2913 Prodr.
1342 2873 1406 2921 ll,
1432 2884 1470 2924 p.
1498 2872 1566 2911 021.

158 2940 257 2977 Hab.
275 2943 316 2978 in
332 2941 540 2988 Affghania
557 2945 677 2989 (Griff
690 2946 730 2990 l).
749 2966 793 2971 -—
807 2945 1038 2992 Subtropica
1062 2948 1099 2987 et
1114 2945 1271 2991 tropica,
1300 2944 1367 2981 vix
1394 2945 1500 2979 florae
1525 2945 1669 2979 nostrae
1691 2943 1801 2978 civis.

158 3001 220 3037 Ar.
242 3001 374 3049 Googr.
397 3003 613 3051 senegalia,
631 3005 776 3042 Insulae
796 3006 943 3053 Capitis
957 3006 1113 3052 Viridis,
1133 3006 1265 3042 Nubia
1282 3006 1441 3052 tropica,
1467 3005 1587 3041 India.
