1994 3211
105 237 176 274 958
803 245 1110 271 UMBELLIFERAE.
1591 236 1800 273 OEnanthe.

108 322 372 373 incrassatis,
411 322 564 375 petalis
605 321 678 362 vix
718 320 1003 371 radiantibus,
1042 318 1289 361 umbellulis
1312 319 1546 362 fructiferis
1568 322 1800 374 compactis

108 380 444 432 hemisphaericis
466 391 657 433 superne
680 378 982 430 subconvexis,
1006 378 1216 420 fructibus
1239 378 1485 431 cylindricis
1507 379 1800 422 exterIOribus

108 439 317 492 pedicello
343 439 581 480 Incrassato
606 438 883 480 brevioribus
920 443 957 484 26
994 436 1047 478 Ic.
1073 436 1206 478 Rchh.
1231 435 1377 478 Germ.
1414 438 1536 479 1893.

156 513 256 547 Hal).
276 514 315 547 in
336 513 512 548 humidis
530 514 642 548 Ponti
661 513 711 547 ad
729 513 898 548 Samsun
924 511 1076 556 (Tchih.
1096 522 1175 546 exs
1199 512 1273 546 snb
1295 512 1354 548 (Ε.
1375 509 1535 557 medici),
1553 512 1708 548 Tauriae
1726 523 1805 547 me-

107 560 429 649 ἒῖῥῖηῇἰιιεὲῑίιξῆ
448 560 582 651 Ἧίῑςὶῖα
601 560 750 605 (MR),
763 559 982 605 Mingreliae
996 559 1205 603 (Nomina),
1220 569 1327 605 prov.
1340 559 1512 604 Talysch
1531 559 1580 594 ad
1597 559 1804 595 Lenkoran

208 636 213 641 .
283 636 289 642 .
351 618 372 642 O
405 618 467 641 en.
491 636 496 641 .

155 663 216 698 Ab
237 663 295 699 OE.
316 662 552 698 Lachemzlii
566 662 675 697 caule
693 661 925 709 profundius
943 662 1091 705 striato,
1116 661 1297 697 foliorum
1316 662 1434 697 etiam
1453 662 1697 707 superiorum
1715 662 1806 698 laci-

110 710 184 744 niis
203 710 442 745 abbreviatis
461 712 498 744 et
515 710 693 755 inprimis
721 708 862 755 petalis
889 708 957 743 vix
982 709 1240 751 radiantibus,
1266 708 1463 755 pedicellis
1483 711 1520 744 et
1536 709 1655 745 radiis
1672 709 1808 745 fructi-

107 756 196 791 feris
219 757 454 801 incrassatis,
473 757 598 792 fructu
616 756 829 801 cylindrico
848 756 935 791 basi
953 756 1101 791 calloso
1120 756 1313 792 distincta¹

154 821 215 855 As.
244 820 374 865 Geoqr.
401 820 534 855 Gallia
552 819 745 864 australis,
764 819 888 861 Italia,
909 819 1016 865 regio
1035 818 1279 854 Danubialis.

169 953 207 994 9.
242 952 319 994 OE.
346 952 542 995 media
565 952 758 1003 (Griseb.
787 952 898 1007 Spic.
922 953 954 1002 I,
982 966 1023 1007 p.
1057 953 1161 1008 35⁶2)
1188 953 1345 995 radicis
1373 953 1545 1007 napulis
1577 953 1805 996 sessilibus

110 1011 305 1063 oblongis
327 1012 393 1053 vel
420 1012 629 1065 elongatis
648 1012 995 1065 subcylindricis,
1015 1013 1134 1054 caule
1156 1013 1353 1054 fistuloso
1377 1012 1552 1064 sulcato,
1576 1012 1688 1054 foliis
1706 1013 1805 1055 sub-

109 1071 431 1124 homomorphis
452 1072 474 1111 '⁴2
498 1075 539 1113 et
559 1071 902 1124 1-pinnatisectis
921 1071 1088 1112 laciniis
1105 1071 1356 1119 linearibus,
1380 1071 1657 1124 superiorum
1681 1072 1807 1125 paulo

110 1127 392 1181 longioribus,
417 1130 614 1171 umbellae
631 1130 764 1172 radiis
784 1131 856 1172 5-8
876 1130 1049 1173 demum
1068 1130 1333 1183 incrassatis,
1351 1130 1503 1183 petalis
1523 1130 1807 1181 radiantibus,

111 1187 358 1230 umbellulis
405 1189 638 1231 fructiferis
694 1189 923 1242 compactis
974 1189 1314 1242 hemispliaericis
1355 1200 1545 1242 superne
1591 1190 1808 1243 convexis,

112 1245 254 1288 fructu
291 1248 485 1289 breviter
523 1247 759 1301 cylindrico
795 1247 1002 1301 pedicello
1032 1250 1270 1290 incrassato
1299 1248 1475 1290 suffulto
1509 1254 1568 1295 26.
1593 1248 1647 1290 Ic.
1675 1248 1808 1304 Rchb.

111 1303 258 1346 Germ.
292 1307 375 1347 tab.
408 1308 529 1348 1896.
557 1331 609 1336 -
640 1307 705 1349 OE.
729 1306 1090 1359 peucedamfole'a
1116 1306 1260 1348 Heuff.
1298 1307 1448 1349 Banat.
1484 1319 1568 1349 non
1606 1307 1710 1349 Poll.
1736 1307 1809 1363 (ex

110 1362 204 1416 ipso
227 1363 435 1419 Griseb.).

158 1438 260 1472 Hal).
280 1439 318 1473 in
339 1439 458 1484 pratis
477 1439 680 1485 paludosis
698 1440 835 1474 Atticae
854 1439 902 1474 ad
922 1439 1131 1474 Phalerum
1151 1439 1310 1485 (Sprunl
1330 1439 1462 1475 Heldr.
1482 1450 1563 1475 exs.
1581 1439 1655 1475 sub
1677 1439 1736 1475 (Ε.
1751 1439 1807 1474 in-

111 1486 336 1530 crassam),
370 1486 569 1530 Argolidis
597 1486 647 1521 ad
676 1486 915 1531 Tyrinthum
945 1487 960 1530 (
963 1485 1120 1532 Orpl‘1!),
1147 1486 1386 1521 Macedoniae
1410 1487 1460 1522 ad
1485 1486 1807 1522 Thessalonicam

111 1531 231 1574 (Fi-iv.
251 1543 297 1568 ex
320 1533 500 1578 Griseb.),
528 1533 662 1576 Lydiae
690 1534 739 1569 ad
769 1533 979 1578 Smyrnam
998 1535 1034 1568 et
1052 1535 1091 1568 in
1110 1534 1231 1579 pratis
1250 1535 1395 1569 montis
1423 1533 1555 1569 Tmoli
1573 1544 1692 1580 prope
1710 1533 1806 1568 Boz-

111 1578 216 1623 dagh
230 1579 331 1624 (Bal.
354 1591 431 1614 exs.
449 1580 540 1625 520,
558 1581 652 1616 Liba
660 1581 698 1615 ni
715 1581 764 1616 ad
782 1580 929 1616 Solima
943 1580 1036 1625 (131.)
1052 1583 1088 1616 et
1103 1581 1267 1616 Galileae
1282 1581 1331 1616 ad
1346 1581 1475 1617 lacum
1490 1581 1639 1616 Merom
1653 1580 1785 1625 (Boiss
1800 1584 1808 1616 l

112 1626 180 1706 sed
199 1626 512 1719 htec)sp}e‹l;imina
530 1628 579 1663 ob
598 1628 767 1663 radicem
787 1628 1026 1663 deficientem
1043 1629 1141 1663 inter
1156 1628 1255 1664 hanc
1273 1631 1310 1663 et
1330 1628 1389 1665 OE.
1403 1628 1644 1665 Heldrez'chz'z'
1659 1628 1806 1664 subdu-

131 1683 178 1707 na
196 1677 287 1709 sunt
310 1701 316 1708 .
388 1702 393 1708 .
413 1685 514 1710 vere.

158 1728 310 1774 Species
326 1729 452 1764 radice
471 1731 508 1763 et
526 1730 652 1764 fructu
670 1729 786 1764 valde
804 1730 932 1765 affinis
953 1730 1011 1766 (Ε.
1031 1729 1236 1775 sz'laz'folise,
1257 1730 1323 1765 sed
1342 1731 1498 1766 diversa
1521 1730 1676 1766 laciniis
1696 1730 1808 1766 folio-

114 1786 199 1810 rum
225 1776 438 1811 linearibus
458 1776 702 1821 longioribus
721 1778 758 1812 et
776 1778 991 1823 praesertim
1010 1777 1149 1824 petalis
1168 1778 1422 1813 radiantibus.
1442 1777 1603 1824 Propter
1620 1779 1723 1813 hanc
1742 1788 1811 1813 no-

113 1825 193 1857 tam
214 1823 272 1860 OE.
292 1823 480 1869 sz'laz'folz'a
499 1824 552 1859 Fl.
573 1824 695 1859 Dalm.
717 1824 793 1859 huc
811 1827 983 1870 spectare
1001 1825 1163 1860 videtur.
1184 1825 1346 1860 Fructus
1364 1825 1511 1860 lineam
1529 1825 1683 1871 longus.

157 1886 220 1922 Ar.
241 1886 371 1931 Geoqr.
399 1887 584 1931 Banatus,
602 1886 749 1931 Serbia,
772 1887 984 1922 Dalmatia.

181 2025 241 2065 10.
279 2023 356 2064 OE.
386 2022 865 2077 pimpinelloides
894 2023 960 2079 (L.
986 2024 1056 2078 Sp.
1084 2026 1183 2078 365)
1211 2025 1367 2067 radicis
1390 2025 1511 2068 fibris
1532 2027 1806 2072 filiformibus

115 2095 270 2125 versus
297 2083 461 2136 apicem
488 2082 531 2123 in
556 2082 682 2124 tuber
709 2085 883 2124 ovatum
926 2084 995 2124 vel
1034 2083 1341 2136 subglobosum
1383 2084 1650 2137 incrassatis,
1689 2088 1809 2130 caule

114 2141 264 2183 striato
300 2142 460 2194 gracili,
503 2141 612 2184 foliis
648 2138 908 2184 radicalibus
948 2142 1288 2196 bipinnatisectis
1334 2146 1568 2196 segmentis
1607 2150 1809 2189 cuneato-

112 2201 248 2242 oratis
273 2201 460 2242 cren-atis
484 2201 553 2242 vel
574 2200 737 2250 incisis,
766 2200 1123 2243 intermediorum
1152 2202 1316 2245 laciniis
1338 2202 1532 2246 breviter
1555 2204 1809 2260 linearibus,

114 2259 416 2313 superioribus
434 2260 477 2301 in
496 2259 670 2301 lacinias
689 2259 875 2301 lineares
895 2260 1165 2313 longissimas
1191 2261 1485 2314 pinnatisectis
1504 2265 1573 2305 vel
1593 2263 1806 2316 indivisis,

113 2318 315 2360 umbellae
352 2319 484 2360 radiis
525 2320 598 2360 6-8
641 2317 873 2360 fructiferis
915 2319 1252 2362 subincrassatis
1293 2323 1616 2375 approximatis,
1656 2324 1809 2376 petalis

112 2377 397 2429 radiantibus,
435 2378 683 2419 umbellulis
724 2377 958 2420 fructiferis
992 2378 1222 2431 compactis
1260 2390 1448 2434 superne
1474 2382 1626 2435 planis,
1663 2382 1812 2425 fructu

113 2436 349 2489 cylindrico
370 2437 577 2490 pedicello
596 2436 834 2478 incrassato
862 2436 1184 2490 subaequilongo
1213 2444 1250 2485 26
1267 2472 1273 2477 .
1292 2439 1411 2493 Jacq.
1438 2440 1587 2482 Austr.
1607 2440 1689 2483 tab.
1712 2442 1809 2483 394.

115 2520 165 2523 —-
192 2494 325 2536 Rchb.
350 2494 494 2536 Germ.
523 2495 608 2537 tab.
645 2496 765 2537 1895.

160 2568 261 2603 Hah.
287 2569 325 2602 in
354 2569 474 2614 pratis
502 2568 697 2614 argillosis
725 2569 981 2604 humentibus
1000 2570 1049 2604 ad
1067 2580 1179 2616 sepes
1197 2574 1234 2605 et
1256 2571 1382 2607 fossas
1400 2572 1662 2620 Peloponnesi
1686 2574 1812 2618 (herb.

112 2613 282 2650 Faue-he!
295 2624 312 2655 l,
334 2615 510 2651 Phocidis
529 2618 568 2650 in
589 2617 744 2661 regione
763 2616 871 2651 infer.
891 2617 1072 2652 Parnassi
1089 2617 1270 2663 (Guiccl),
1291 2619 1413 2654 Cretae
1432 2620 1612 2666 (Heldrl),
1632 2621 1812 2666 Byzantii

110 2661 381 2707 (Coumanyl).
404 2663 535 2708 Lycliae
555 2663 603 2698 ad
623 2663 833 2708 Smyrnam
852 2663 1027 2709 (Boissl),
1043 2665 1156 2700 Ponti
1177 2665 1302 2701 Lazici
1321 2666 1369 2701 ad
1386 2666 1504 2702 Rhize
1525 2668 1658 2712 (Ball),
1677 2667 1806 2714 Lyciae

111 2709 177 2751 (ex
199 2709 352 2754 Simu),
372 2710 526 2745 Tauriae
546 2710 703 2755 (Stevl).

160 2772 219 2806 Ar.
240 2773 371 2817 Geoqr.
386 2772 539 2818 Anglia,
556 2773 689 2808 Gallia
708 2773 954 2808 occidentalis
973 2776 1010 2809 et
1026 2775 1220 2820 australis,
1234 2775 1446 2822 Lusitania,
1461 2777 1665 2824 Hispania,
1684 2778 1812 2815 Italia.

112 2819 264 2860 carnia,
284 2819 492 2858 Dalmatia.
514 2820 621 2866 regio
643 2820 891 2865 Danubialis,
910 2820 1040 2857 Africa
1057 2822 1238 2858 borealis.
1807 2823 1809 2825 ’

179 2949 241 2989 ll.
276 2948 354 2990 (Ε.
384 2948 679 2992 ferulacea
705 2949 805 3004 (ΚΥ.
829 2954 871 2992 et
896 2950 1035 2994 Boiss.
1059 2952 1103 2994 in
1128 2953 1204 3006 Ky.
1230 2966 1320 2996 exs.
1351 2955 1480 3010 1859)
1506 2956 1663 2998 radicis
1690 2956 1813 3000 fibris

110 3006 415 3048 crassiusculis
444 3008 694 3060 cylindrieis
722 3008 925 3052 deorsum
942 3012 1189 3065 attenuatis,
1217 3013 1336 3056 caule
1362 3015 1489 3057 tereti
1516 3015 1666 3058 striato
1687 3016 1813 3069 elato,
