1994 3211
125 227 219 263 1084
820 229 1126 257 UMBELLIFERAE.
1616 215 1810 252 Caucalz's.

123 306 341 350 solitariae.
373 305 582 347 Albumen
606 305 740 347 latere
761 302 958 345 interiori
981 302 1239 344 involutum.
1260 323 1315 331 -
1334 299 1488 342 Herbae
1512 310 1682 351 annuae,
1704 299 1813 340 albi-

125 367 258 418 florae,
285 365 510 407 involucro
537 364 657 406 nullo
679 363 748 405 vel
773 361 1064 415 monophyllo.

769 518 788 534 ¹*
838 517 976 556 Aculei
994 516 1161 552 unifarii.

188 615 222 654 1.
260 612 312 656 C.
342 610 660 655 daucoides
689 609 757 665 (L.
789 610 861 663 Sp.
889 607 994 663 346)
1030 619 1157 662 parce
1193 610 1236 649 et
1266 607 1414 660 patule
1450 606 1653 657 setulosa‚
1691 607 1812 649 caule

123 674 287 725 praeter
314 672 437 713 basin
458 670 606 723 glabro
630 670 776 723 patule
802 673 845 711 et
870 668 1108 710 dichotome
1135 677 1319 717 ramoso,
1346 665 1458 707 foliis
1484 664 1646 706 ambitu
1674 666 1813 708 ovatis

124 730 484 783 tripinnatiseetis
509 728 744 782 segmentis
770 729 816 769 in
838 727 1043 769 lacinulas
1071 725 1352 767 brevissimas
1384 724 1570 765 lineares
1598 723 1815 776 pinnatifl-

127 789 194 830 dis
218 790 418 841 sectisve,
443 787 642 831 [imbellis
662 787 928 839 longiuscule
944 783 1245 838 pedunculatis
1270 784 1338 824 2-3
1360 783 1503 824 rarius
1522 783 1813 835 4-5-radiatis‚

125 847 370 890 involucelli
393 848 553 902 phyllis
570 846 778 889 brevibus
802 844 1047 887 lanceolatis
1068 843 1229 896 pauciS,
1254 842 1396 883 fructu
1422 841 1814 895 elliptico-oblongo

127 907 334 959 utrinque
348 909 569 949 attenuato
591 904 747 959 calycis
773 903 975 946 dentibus
1003 900 1248 944 lanceolatis
1267 904 1485 953 superato,
1510 899 1669 941 aculeis
1692 901 1816 954 Jugo-

125 977 225 1007 rum
254 966 612 1008 secundariorum
640 963 946 1006 uniserialibus
972 961 1133 1015 glabris
1160 972 1183 1002 e
1209 958 1303 1002 basi
1324 959 1466 1000 latiori
1492 959 1656 1001 sulcata
1682 960 1816 1001 subu-

128 1024 225 1065 latis
254 1025 371 1078 apice
398 1024 580 1066 hamatis
608 1023 868 1064 diametrum
894 1019 1140 1073 mericarpii
1171 1017 1444 1071 aequantibus
1475 1018 1545 1060 vel
1573 1017 1817 1070 superanti-

127 1082 225 1135 bus,
254 1084 380 1136 stylis
408 1082 701 1137 stylopodium
727 1081 922 1123 conicum
947 1078 1220 1133 aequantibus
1251 1081 1315 1128 Θ.
1341 1076 1394 1118 10.
1412 1076 1528 1131 Jacq.
1556 1075 1706 1118 Austr.
1729 1076 1814 1118 tab.

130 1143 198 1182 57.
222 1167 271 1172 —
293 1142 429 1184 Rchb.
461 1141 605 1183 Germ.
634 1142 761 1182 2011.

178 1216 278 1251 Hah.
296 1216 397 1251 inter
415 1219 565 1260 segetes
585 1217 621 1249 et
638 1215 677 1249 in
696 1213 822 1256 cultis,
842 1213 991 1248 Graecia
1008 1212 1048 1246 in
1065 1210 1262 1245 montanis
1287 1219 1406 1255 supra
1431 1208 1593 1243 Trikala
1619 1208 1683 1243 alt.
1711 1208 1815 1245 4000·

129 1262 302 1308 (Oi-phi),
321 1263 487 1297 Thracia
506 1262 678 1306 (Friv!')‚·
693 1260 876 1296 Anatolia
904 1259 985 1294 bor.
1015 1257 1202 1302 (Tchihl),
1226 1256 1373 1291 Pontus
1399 1258 1435 1290 et
1460 1256 1640 1290 Armenia
1656 1255 1818 1291 Turcica

127 1309 263 1353 (Calvl
283 1310 398 1354 Ball),
422 1309 557 1344 Cilicia
575 1311 762 1344 montana
779 1307 827 1342 ad
847 1306 976 1342 Gulek
995 1304 1154 1349 Boghas
1173 1305 1210 1338 et
1227 1303 1276 1338 ad
1294 1303 1487 1338 Gorumse
1506 1303 1569 1337 alt.
1588 1302 1689 1337 4200'
1709 1302 1817 1346 (Ball

130 1356 193 1401 Ky
206 1360 241 1401 l),
261 1358 434 1392 Libanus
453 1356 618 1399 (Labilll
638 1355 685 1390 Bl
697 1357 735 1400 1),
755 1354 900 1389 Tauria
916 1355 953 1388 et
969 1363 1077 1399 prov.
1103 1350 1440 1386 Transeaucasicae
1468 1349 1652 1394 (Ledeb.),
1672 1349 1817 1385 Cauca-

131 1404 419 1497 {gssaogifelrgiggl'if
437 1403 563 1450 (Rupr
577 1405 614 1448 1),
634 1403 767 1438 Persia
784 1402 865 1437 bor.
884 1402 921 1436 in
942 1410 1051 1447 prov.
1070 1398 1309 1444 Aderbidjan
1339 1397 1489 1441 (Szovl)
1514 1398 1550 1432 et
1573 1407 1681 1443 prov.
1706 1398 1817 1433 Aste-

188 1516 230 1570 β.
266 1516 496 1557 muricata.
522 1540 575 1544 —
594 1513 667 1556 Gr.
687 1517 729 1555 et
750 1512 880 1555 Godr.
902 1512 970 1554 Fr.
991 1511 1044 1564 II,
1063 1513 1159 1555 674.
1180 1535 1228 1540 —-
1247 1510 1400 1552 Aculei
1418 1509 1627 1552 diametro
1650 1510 1817 1553 fructus

128 1576 265 1617 multo
294 1575 533 1617 breviores.
558 1598 610 1603 —
631 1573 673 1615 C.
702 1571 921 1614 muricatos
946 1571 1086 1614 Bisch.
1117 1571 1237 1612 Linn.
1264 1569 1376 1620 XIV,
1402 1581 1444 1622 p.
1478 1569 1572 1610 131.

182 1648 271 1683 Hab
302 1649 342 1682 in
361 1648 507 1683 Tauria
524 1648 623 1682 circa
639 1645 927 1693 Sympheropol
946 1645 1101 1689 (Stevl).
1118 1644 1241 1680 Iberia
1260 1641 1393 1686 (Wilh.
1413 1653 1460 1677 ex
1478 1641 1646 1687 Ledeb.)

129 1696 392 1778 ωέὶῦῇίῐξοςτ.
419 1696 576 1741 Europa
610 1694 740 1729 media
774 1696 811 1728 et
844 1692 1028 1728 australis
1061 1692 1111 1726 ab
1150 1690 1295 1736 Anglia
1328 1692 1364 1724 et
1396 1689 1524 1724 Dania
1555 1689 1603 1724 ad
1636 1689 1817 1725 Rossiam

191 1873 229 1914 02.
264 1873 317 1915 C.
345 1871 564 1914 tenella
590 1870 704 1925 (Del.
728 1868 790 1911 Fl.
822 1869 896 1922 Eg.
935 1882 973 1922 p.
1004 1869 1083 1910 58.
1122 1865 1206 1908 tab.
1243 1867 1317 1917 21,
1355 1867 1422 1920 fig.
1464 1865 1510 1920 3)
1542 1867 1749 1920 adpresse
1775 1870 1819 1910 et

129 1931 317 1983 sparsim
357 1929 846 1983 setuloso-pubescens,
885 1928 997 1969 foliis
1038 1925 1200 1968 ambitu
1239 1926 1435 1979 oblongis
1476 1925 1818 1979 bipinnatisectis

130 1990 366 2042 segmentis
393 1989 435 2030 in
469 1989 643 2031 lacinias
671 1989 828 2030 breves
865 1991 1013 2029 acutas
1053 1985 1417 2027 lineari-setaceas
1451 1984 1594 2037 sectis,
1616 1984 1819 2027 umbellis

130 2048 256 2101 longe
282 2048 585 2103 peduncnlatis
614 2047 807 2088 breviter
841 2049 884 2088 et
920 2045 1192 2099 inaequaliter
1233 2044 1530 2095 5-9-radiatis,
1572 2043 1819 2086 involueelli

128 2108 288 2160 phyllis
316 2107 561 2149 lanceolatis
590 2106 811 2158 brevibus,
838 2105 983 2147 fructu
1010 2103 1162 2146 lineari
1189 2103 1345 2156 calycis
1381 2102 1583 2145 dentibus
1610 2103 1818 2145 lanceola-

130 2166 188 2207 tis
208 2167 418 2220 elongatis
446 2169 666 2219 superato,
694 2165 899 2219 jugorum
925 2163 1281 2206 secundariorum
1317 2161 1476 2204 aculeis
1511 2161 1819 2204 nniserialibus

129 2226 346 2268 subulatis
371 2224 637 2267 laeviusculis
667 2224 735 2265 vel
767 2222 930 2265 scabris
956 2221 1201 2275 mericarpii
1223 2221 1347 2262 diam.
1378 2221 1509 2274 triplo
1537 2220 1819 2274 longioribus,

132 2285 256 2338 stylis
282 2283 554 2326 brevissimis
586 2288 649 2333 Ε).

178 2358 275 2394 Hah.
294 2359 335 2393 in
354 2358 467 2393 cultis
486 2360 524 2392 et
545 2357 778 2402 graminnsis
798 2355 949 2391 collinis
969 2355 1105 2389 Atticae
1124 2353 1173 2388 ad
1200 2352 1349 2388 radices
1369 2352 1546 2397 Hymetti
1569 2351 1762 2398 (Sprun!)‚
1782 2353 1820 2386 et

128 2405 169 2440 in
187 2406 284 2441 colle
302 2405 548 2451 Philopappo
570 2404 712 2448 (Heldr
724 2406 749 2448 l)
780 2403 923 2438 Ciliciae
951 2401 1131 2437 littoralis
1155 2399 1204 2435 ad
1221 2400 1392 2435 Mersina
1409 2399 1548 2443 (Ball),
1566 2399 1665 2444 Alep
1694 2398 1761 2433 iet
1778 2398 1820 2432 in

129 2452 413 2499 Mesopotamia
446 2451 676 2496 (Hausskl),
708 2451 821 2495 Syria
854 2450 903 2485 ad
936 2449 1119 2484 Sidonem
1139 2447 1256 2491 (1312),
1297 2446 1525 2481 Antilibano
1560 2445 1611 2481 ad
1678 2444 1821 2480 ebdani

126 2499 311 2543 (Boissl)‚
341 2500 491 2534 deserto
526 2499 574 2533 ad
603 2497 829 2543 Palmyram
863 2496 974 2541 (1311),
1005 2496 1202 2531 Palestina
1228 2493 1279 2528 ad
1306 2493 1609 2539 Hierosolyman
1642 2492 1820 2536 (Boissl),

130 2546 302 2593 AEgypto
324 2547 503 2581 inferiore
518 2546 566 2580 ad
582 2545 862 2580 Alexandriam
878 2544 1010 2588 (Del),
1028 2542 1193 2588 Assyria
1208 2541 1256 2576 ad
1270 2540 1421 2576 Mossul
1435 2540 1574 2585 (Auch.
1587 2550 1665 2574 exs.
1680 2539 1820 2584 36551),

131 2593 266 2629 Persia
287 2593 454 2628 australi
476 2593 525 2627 ad
544 2592 723 2627 Kaserun
743 2590 920 2635 (Haussk
936 2592 971 2634 l).
990 2590 1046 2624 ΕΙ.
1065 2590 1195 2633 vere).

179 2658 309 2693 Facies
328 2657 576 2703 sequentium
596 2668 618 2691 a
636 2656 780 2702 quibus
798 2654 985 2691 umbellis
1006 2652 1290 2700 pluriradiatiS,
1308 2651 1435 2687 fructu
1455 2651 1597 2686 minori
1621 2652 1660 2685 et
1676 2649 1820 2685 aculeis

133 2705 411 2740 uniserialibus
429 2705 568 2739 eximie
581 2703 717 2738 differt.

744 2849 763 2866 *
814 2848 833 2865 *
883 2848 1019 2884 Aculei
1036 2846 1220 2882 2-3-farii.

195 2935 231 2975 3.
268 2933 321 2975 C.
351 2931 721 2987 leptophylla
748 2930 814 2984 (L.
840 2928 913 2982 Sp.
941 2927 1046 2982 347)
1074 2927 1282 2980 adpresse
1310 2925 1513 2976 setulosa,
1537 2923 1656 2965 caule
1679 2920 1822 2963 dicho-

135 2996 247 3035 tome
271 3004 461 3039 ramoso,
486 2991 598 3033 foliis
623 2989 787 3031 ambitu
816 2987 1011 3041 oblongis
1029 2984 1373 3040 bipinnatisectis
1396 2982 1631 3036 segmentis
1652 2981 1697 3023 in
1723 2979 1823 3022 laci-
