2045 3227
131 168 380 216 Sem-pimus.
832 176 833 180 ¹
845 176 1126 206 LEGUMINOSAE.
1761 171 1837 206 179

181 247 280 283 Hah.
297 247 338 282 in
352 246 492 304 insulis
509 219 758 294 Archipelagi
771 245 949 291 (Sibtht).

177 313 238 348 Ar.
266 311 397 358 Geoqr.
422 310 636 357 Lusitania,
653 310 858 357 Hispania,
876 309 1068 355 Sardinia,
1094 319 1258 355 regnum
1275 309 1538 347 Tunetanum.

192 427 231 470 3.
265 425 315 470 S.
343 425 576 469 sulcata
598 423 665 481 (L.
690 423 762 478 Sp.
794 423 927 479 1050)
946 423 1154 477 adpresse
1176 424 1301 476 hirta,
1319 425 1430 468 foliis
1456 424 1835 480 oblongo-spathu-

131 485 230 528 latis
253 484 403 536 acutis,
423 483 679 538 pedunculis
703 482 924 533 vti-floris,
948 482 1177 535 leguminis
1203 482 1343 535 glabri
1370 484 1475 525 laxe·
1490 485 1673 527 contorti
1699 485 1831 528 costis

132 542 415 587 interioribus
446 542 626 586 laevibus
648 540 818 585 caeteris
840 541 1013 584 aculeos
1048 541 1141 583 basi
1177 541 1387 584 distantes
1411 542 1574 596 rigidos
1601 546 1742 586 rectos
1764 544 1834 587 vel

131 603 252 657 apice
291 601 602 652 subuncinatos
642 599 920 654 gerentibus,
966 598 1207 642 seminibus
1252 601 1461 653 elongatis
1515 602 1710 645 curvatis
1760 604 1833 645 vix

132 661 296 704 striatis
319 665 386 712 Θ.
422 660 476 703 Ic.
500 659 662 703 Gaertn.
688 658 742 710 ΙΙ,
768 657 854 702 tab.
886 659 982 701 155.

180 733 281 770 Hah.
301 734 341 769 in
359 733 475 771 cultis
493 733 519 768 S
539 733 618 768 vriae
635 732 845 767 maritimae
863 731 912 767 ad
932 730 1116 766 Sidonem
1148 730 1213 775 (Bl
1226 733 1263 776 l),
1290 732 1498 775 Palestinae
1524 734 1563 769 in
1583 734 1744 780 planitie
1764 734 1835 772 Es-

135 780 296 817 draelon
314 782 352 817 et
368 790 486 827 prope
547 779 681 816 amlah
694 778 825 824 (Boiss
837 779 876 823 l),
890 777 1051 825 AEgypti
1066 778 1260 813 inferioris
1276 779 1432 823 (Wiestl
1447 779 1540 816 Kral
1553 782 1589 826 l),
1603 781 1836 827 Babyloniae

129 826 590 920 {albigbqahrgirpeegpdgiffoe
601 828 641 873 l).
659 826 804 863 Persiae
822 825 1004 861 australis
1023 825 1127 860 inter
1141 825 1316 861 Abuchir
1333 829 1370 861 et
1387 826 1543 863 Schiraz
1562 827 1652 874 (ΚΥ.
1671 838 1751 864 exs.
1768 829 1833 866 321

179 938 244 974 Ar.
268 937 402 983 Geoqr.
431 936 575 973 Insulae
595 935 864 981 Canar1enses,
885 935 1090 982 Hispania,
1107 936 1237 972 Africa
1253 936 1434 983 borealis,
1458 937 1683 984 Abyssinia.

193 1052 232 1093 [ι.
266 1044 317 1094 S.
343 1050 678 1094 subvillosa
705 1048 772 1105 (L.
795 1048 917 1104 Spec.
950 1047 1083 1103 1050)
1107 1048 1315 1102 adpresse
1340 1049 1468 1103 hirta,
1492 1050 1603 1093 foliis
1628 1051 1835 1106 oblongo-

133 1110 393 1165 spathulatis
427 1109 576 1161 acutis⁷
619 1108 877 1169 pedunculis
900 1108 1133 1160 2-4-fl0ris‚
1158 1108 1451 1161 leguminibus
1475 1112 1593 1153 arcte
1625 1112 1833 1154 contortis

135 1167 296 1223 glabris
323 1170 391 1211 vel
425 1168 552 1210 hirtis
587 1166 719 1210 costis
756 1166 1039 1210 inter-Ioribus
1073 1166 1254 1209 laevibus
1288 1168 1456 1211 caeteris
1494 1168 1654 1211 aculeis
1696 1170 1833 1224 longis

134 1227 280 1271 densis
308 1229 427 1283 apice
451 1226 750 1270 subuncinatis
770 1225 936 1277 obsitis‚
955 1225 1195 1268 seminibus
1212 1225 1423 1270 brevibus
1439 1227 1564 1270 valde
1586 1228 1830 1271 reniformi-

135 1288 328 1330 curvatis
353 1286 517 1329 striatis
540 1290 604 1336 Θ.
639 1285 692 1327 Ic.
720 1285 866 1329 Moris.
913 1284 991 1328 Ox.
1021 1284 1131 1327 Sect.
1154 1285 1208 1336 II,
1238 1285 1321 1327 tab.
1349 1287 1416 1339 11,
1444 1287 1512 1341 fig.
1537 1287 1649 1343 2„—
1675 1287 1716 1328 S.
1744 1287 1835 1329 sul-

134 1347 230 1388 cata
254 1345 316 1389 Fl.
345 1345 481 1388 Graec.
506 1343 589 1387 tab.
616 1345 700 1386 719
727 1357 813 1387 non
834 1343 881 1386 L.
926 1369 963 1374 —
994 1342 1035 1386 S.
1063 1343 1297 1396 aczaetzjfolia
1331 1344 1498 1388 Vivian.
1531 1345 1623 1387 Lib.
1654 1345 1738 1388 tab.
1767 1347 1833 1399 19,

135 1405 205 1458 lig.
233 1406 273 1446 ll..

183 1477 281 1513 Hah.
308 1478 349 1513 in
367 1476 482 1513 cultis
501 1476 662 1512 Graeeiae
682 1476 971 1526 {SprunlOrph
984 1479 1023 1522 ἱ),
1042 1476 1293 1530 Archipelagi
1306 1477 1486 1523 (Sibthl),
1512 1478 1637 1514 Cariae
1655 1478 1835 1524 (Sibthl),

134 1525 332 1571 Bithyniae
366 1524 572 1569 (Thirkel),
602 1524 737 1570 Lydiae
770 1524 821 1560 ad
847 1525 1059 1570 Smyrnam
1086 1524 1265 1570 (Bmssi),
1297 1523 1445 1560 Ciliciae
1470 1525 1607 1572 (Ball),
1639 1526 1762 1572 Syriae
1784 1526 1835 1562 ad

136 1572 287 1619 Aleppo
305 1571 529 1616 (Hausski),
547 1571 704 1607 Tauriae
721 1571 835 1616 (ΜΒ.
855 1571 988 1616 Stev.)

182 1635 241 1670 An
260 1635 502 1671 characteres
523 1634 623 1669 inter
642 1636 718 1669 tres
737 1634 883 1681 species
902 1633 1063 1670 ultimas
1082 1635 1144 1669 sat
1161 1635 1382 1670 constantes
1400 1636 1518 1670 sunt?

135 1699 242 1782 AfAr.
263 1699 395 1782 Ggoqr.
414 1698 606 1781 lJMadeffl‚
638 1699 779 1735 insulae
817 1697 1088 1745 Canarienses‚
1130 1699 1238 1744 regio
1269 1699 1553 1736 mediterranea
1594 1699 1764 1747 Europae
1799 1702 1838 1737 et

189 1756 275 1782 rlcae
321 1756 412 1782 orca
430 1756 474 1781 IS.

658 1890 943 1940 cononum
970 1891 1034 1953 (ι.
1065 1891 1163 1941 cen.
1190 1891 1311 1953 883).

195 2013 325 2067 Calyx
344 2015 537 2057 breviter
562 2015 889 2069 campanulatus
915 2014 1120 2058 dentibus
1136 2015 1441 2069 superioribus
1464 2017 1594 2059 altius
1621 2017 1834 2059 connatis.

137 2073 288 2115 Carina
317 2077 438 2116 acuta
466 2075 534 2115 vel
556 2077 759 2116 rostrata.
794 2072 1015 2128 Legumen
1049 2075 1296 2127 elongatum
1320 2077 1489 2117 rectum
1515 2077 1584 2118 vel
1611 2080 1837 2119 arcuatum

133 2136 248 2174 teres
277 2133 344 2175 vel
370 2135 643 2186 tetragonum
669 2132 722 2175 ad
746 2133 950 2176 articulos
972 2133 1339 2176 subcontractum.
1369 2133 1542 2176 Semina
1575 2134 1835 2188 oblonga.—

137 2190 291 2233 llerbae
316 2193 384 2234 vel
403 2192 581 2234 frutices
605 2191 695 2234 folii
721 2191 1085 2246 imparipinnatis.

132 2351 256 2393 sacr.
284 2350 312 2391 I.
352 2350 520 2393 Euenus
546 2350 677 2393 Desv.
703 2373 751 2379 —
770 2349 1022 2392 Petalorum
1051 2360 1220 2402 unques
1246 2349 1389 2404 calyce
1413 2347 1586 2401 2-3-plo
1604 2347 1836 2402 lonyiores.

540 2408 663 2452 Folia
680 2408 873 2462 pinnata
888 2407 1068 2460 foliolis
1089 2407 1433 2461 suboequalibus.

199 2518 234 2559 1.
270 2517 323 2561 C.
358 2514 688 2560 emeroides
711 2515 872 2571 (Boiss.
899 2520 942 2558 et
963 2515 1060 2569 Spr.
1100 2516 1251 2569 Diagn.
1276 2515 1368 2558 Ser.
1398 2515 1429 2567 I,
1458 2516 1497 2565 2,
1516 2527 1556 2568 p.
1589 2514 1690 2570 100)
1716 2514 1842 2557 fruti-

137 2589 235 2618 cosa
261 2576 410 2629 glabra
439 2576 506 2617 vel
530 2586 657 2629 parce
683 2578 725 2618 et
748 2575 957 2628 adpressc
979 2574 1106 2625 hirta,
1125 2575 1300 2629 stipulis
1318 2574 1466 2628 parvis
1485 2573 1841 2627 triangularibus,

140 2635 248 2676 soliis
285 2634 441 2688 bijugis
478 2634 634 2677 foliolis
671 2633 881 2685 obovatis,
920 2633 1176 2687 pedunculis
1218 2634 1318 2676 folio
1357 2633 1525 2686 2—3-plo
1570 2632 1842 2686 longioribus

141 2693 404 2736 umbellatim
434 2692 665 2744 5-8-ss0riS,
697 2692 852 2746 calycis
880 2691 1083 2739 dentibus
1118 2691 1390 2734 brevissimis
1428 2691 1646 2743 eiliatulis,
1679 2690 1841 2745 petalo-

140 2764 233 2794 rum
255 2752 474 2805 unguibus
492 2753 634 2806 calyce
659 2752 790 2805 duplo
814 2750 1096 2804 leugleribus,
1115 2750 1408 2803 leguminibus
1437 2749 1675 2795 linearibus
1691 2751 1840 2793 tereti-

137 2811 488 2864 subcompressis
523 2811 689 2854 striatis
728 2811 843 2852 inter
871 2810 1036 2852 semina
1064 2809 1135 2851 vix
1162 2810 1459 2863 angustalis&
1496 2808 1535 2851 C.
1562 2809 1750 2851 Emerus
1775 2809 1839 2851 Fl.

140 2869 273 2912 (iraec.
298 2869 381 2912 tab.
410 2871 493 2912 710
519 2882 602 2912 non
627 2869 672 2913 L.
693 2893 748 2899 ——
770 2869 810 2912 C.
836 2868 1023 2911 Emer-us
1042 2871 1083 2910 et
1103 2868 1144 2911 C.
1164 2868 1384 2922 vaffl'nalis
1403 2867 1560 2911 Ledeb.
1578 2867 1638 2909 Fl.
1660 2867 1785 2911 Ross.
1808 2868 1842 2920 Ι,

140 2941 181 2980 p.
208 2929 293 2970 1325
315 2941 368 2970 ex
395 2928 567 2971 Steven‚
