2065 3236
238 193 312 229 646
987 198 1188 224 ROSACEAE.
1674 188 1940 236 Amyydalus.

237 280 377 330 ribus,
405 277 663 321 staminibus
699 274 838 326 15-17,
859 275 932 316 5-7
966 272 1077 315 fauci
1110 271 1289 314 insertis
1315 273 1501 315 exsertis
1530 273 1713 327 reliquis
1739 273 1939 328 inclusis,

239 338 387 381 ovario
410 340 665 387 tomentoso,
692 335 832 386 drupa
854 332 1047 374 velutina
1071 333 1199 373 ovata
1223 331 1570 385 subcompressa‚
1588 331 1810 386 putamine
1832 334 1943 375 cari-

239 399 337 439 nato
359 409 443 438 non
469 395 720 436 foraminato
748 391 841 434 basi
868 392 1030 433 sulcato
1058 394 1095 440 5.
1123 389 1248 431 Jaub.
1275 393 1320 432 et'
1348 390 1419 443 Sp.
1445 390 1509 432 111.
1535 390 1608 433 Or.
1637 391 1723 432 tab.
1755 392 1856 434 229.
1877 416 1935 422 —

244 455 293 498 A.
318 454 571 507 spatlmlata
590 453 728 495 Boiss.
754 451 903 504 Diagn.
929 449 1021 492 Ser.
1056 448 1089 500 Ι,
1112 446 1152 499 6,
1173 461 1215 501 p.
1245 449 1299 490 53
1327 448 1482 503 (forma
1512 450 1651 491 laxior
1677 449 1820 493 minus
1847 451 1936 505 spi·

241 514 447 567 nosa).—
464 512 514 554 A.
539 511 741 563 scorpius
757 509 894 563 Spach
916 509 994 550 loc.
1024 508 1107 560 cit,
1134 520 1176 561 p.
1212 508 1306 549 122.

289 587 388 622 Hab.
405 587 445 621 in
464 585 707 632 rupestribus
728 584 872 618 montis
890 581 1085 617 Perezend
1107 580 1251 615 Persiae
1269 582 1453 617 australis
1470 582 1612 627 (Auch.
1633 593 1713 618 exs.
1731 583 1871 628 4477;]‚
1898 583 1939 619 111

241 634 484 681 rupestribus
503 633 552 668 ad
570 631 737 676 Mul-gab
756 634 792 665 et
812 629 1041 675 Persepolin
1059 628 1282 673 (Hausskl),
1301 638 1422 675 prope
1438 629 1603 665 Dalechi
1621 630 1699 676 (ΚΥ
1717 640 1799 665 exs.
1820 631 1940 676 1741),

243 683 286 718 in
302 681 436 717 Persia
454 679 633 715 orientali
652 678 798 723 (Egel).

300 748 344 801 β.
370 745 594 797 leiocalyae.
612 768 664 775 ——
679 743 810 796 Calyx
835 741 995 795 glaber.
1018 764 1072 769 -
1090 739 1140 781 A.
1159 738 1350 791 furcata
1366 740 1505 795 Spach
1521 741 1597 783 loc.
1618 741 1686 784 cit.
1707 754 1751 796 p.
1775 742 1870 783 124.
1886 765 1940 771 —-

242 806 368 849 Jaub.
401 808 443 848 et
466 805 538 858 Sp.
564 805 626 845 Ill.
654 802 740 845 tab.
766 803 864 843 228.

288 880 388 915 Hah.
416 880 456 914 in
481 877 727 924 rupestribus
754 875 900 910 montis
930 874 1123 909 Perezend
1152 874 1295 909 Persiae
1325 874 1506 909 australis
1534 875 1672 918 (Auch.
1701 886 1780 911 exs.
1800 875 1943 920 44761),

241 928 284 963 111
302 926 483 963 631631615
501 927 599 960 inter
617 924 783 969 Murgab
802 925 839 958 et
852 921 1009 957 Schiraz
1028 920 1132 956 6000·
1146 921 1324 965 (Haussk
1339 922 1376 966 l),
1394 922 1435 956 in
1451 921 1585 957 Persia
1603 922 1782 958 orientali
1796 922 1942 968 (Bgel).

288 991 434 1026 Frutex
452 988 696 1035 3-5-pedalis,
715 987 809 1022 folia
825 986 889 1021 4-5
905 985 1031 1020 1111635
1049 985 1181 1029 longa,
1205 984 1321 1030 calyx
1337 985 1402 1020 2-2
1420 985 1461 1029 ¹l4
1480 985 1547 1021 lin.
1567 986 1721 1032 longus,
1741 986 1867 1032 drupa
1879 986 1945 1022 5-6

243 1038 368 1073 lineas
402 1037 533 1081 longa.
562 1036 609 1070 Α.
634 1037 800 1081 furcata
828 1033 879 1068 ab
906 1033 955 1067 A.
989 1030 1158 1068 eburnea
1176 1032 1306 1077 calyce
1334 1032 1471 1077 glabro
1498 1035 1651 1068 tantum
1677 1033 1805 1068 differt
1834 1035 1872 1068 et
1896 1033 1943 1068 cl.

241 1084 522 1120 Haussknecht
537 1083 576 1117 in
596 1082 691 1117 locis
708 1080 911 1115 notalibus
931 1079 1030 1114 hanc
1050 1081 1185 1114 notam
1203 1079 1318 1114 valde
1337 1079 1570 1115 variabilem
1597 1091 1682 1116 esse
1701 1080 1941 1116 observavit.

242 1132 291 1167 A.
309 1131 483 1177 scorpius
502 1130 686 1165 omnibus
706 1129 809 1163 notis
827 1126 968 1162 similis
987 1136 1034 1161 ex
1052 1125 1097 1161 61.
1125 1128 1280 1161 auctore
1300 1126 1537 1162 staminibus
1554 1127 1577 1162 9
1591 1127 1729 1170 differt,
1751 1127 1819 1163 sed
1830 1128 1944 1163 flores

239 1180 281 1214 in
298 1178 509 1225 specimine
526 1176 770 1212 Auclieriano
785 1174 977 1220 descripto
995 1174 1109 1220 pauci
1126 1175 1268 1209 suntet
1286 1173 1445 1209 omnino
1464 1174 1659 1210 emarcidi.

745 1337 968 1386 CERASUS
1011 1338 1140 1399 (Juss.
1183 1337 1281 1385 Gen.
1321 1337 1440 1398 340).

303 1468 454 1519 Drupa
467 1466 639 1518 globosa
656 1477 835 1506 carnosa
854 1464 1129 1506 indehiscens
1150 1464 1301 1518 glabra
1319 1464 1477 1518 pruina
1500 1464 1718 1506 destituta.
1736 1464 1948 1508 Putamen

245 1526 553 1579 subglobosum
581 1525 837 1577 rugnlosum
872 1524 940 1565 vel
964 1523 1082 1565 laeve.
1106 1548 1163 1552 —-
1181 1524 1378 1565 Arbores
1405 1524 1475 1565 vel
1496 1523 1674 1566 frutices
1696 1523 1808 1567 foliis
1835 1525 1949 1567 aesti-

249 1587 418 1627 vatione
443 1583 769 1637 contluplicatis.

245 1745 268 1800 ἓ
304 1747 338 1787 1.
372 1742 750 1788 Microcerasi
776 1741 919 1784 Webb
957 1741 1081 1794 Phyt.
1109 1738 1208 1782 Can.
1248 1741 1301 1793 ΙΙ,
1339 1755 1381 1795 p.
1423 1741 1724 1783 19.—Flores
1761 1742 1951 1784 coetanei

430 1802 609 1845 solitarii
631 1803 700 1843 vel
743 1801 834 1843 bini
866 1800 1010 1842 rarius
1044 1800 1120 1841 3-4
1167 1801 1327 1854 slepius
1353 1801 1617 1843 subsessiles
1651 1800 1720 1842 vel
1757 1800 1951 1843 breviter

425 1862 701 1915 pedunculati
721 1873 742 1902 e
761 1860 940 1913 gemmis
966 1858 1227 1901 lateralibus.
1245 1858 1411 1912 Calycis
1429 1859 1559 1902 tubus
1578 1859 1842 1913 cylindricus
1856 1859 1950 1902 basi

425 1920 696 1962 ventriCosus
719 1920 762 1961 111
786 1920 928 1973 specie
947 1918 1094 1961 ultima
1123 1917 1722 1972 campanulato-cylindricus.
1739 1919 1949 1961 ——Fruti-

424 1992 494 2021 ces
527 1979 674 2021 habitu
707 1982 749 2021 et
779 1980 915 2020 forma
941 1978 1097 2030 calycis
1125 1978 1178 2019 ad
1203 1977 1470 2034 Amyqdalos
1499 1977 1740 2020 sectionum
1763 1977 1949 2024 duarum

424 2039 716 2092 posteriorum
739 2038 1006 2079 accedentes.

312 2202 350 2241 1.
391 2199 444 2243 C.
469 2199 844 2254 microcarpa
862 2197 927 2252 (C.
952 2198 1002 2240 A.
1028 2198 1139 2250 Moy.
1169 2198 1324 2240 Enum.
1351 2197 1473 2250 Casp.
1492 2210 1539 2250 p.
1572 2198 1649 2238 167
1668 2196 1749 2239 sub
1775 2196 1950 2251 Przmo)

246 2259 455 2301 fruticosa
481 2259 608 2300 ramis
637 2257 845 2310 elongatis
870 2258 1041 2305 erectis,
1062 2257 1171 2299 foliis
1194 2257 1408 2308 viridibus
1436 2256 1596 2309 glabris
1620 2256 1758 2298 ovatis
1783 2255 1950 2297 obtusis

246 2321 400 2371 argute
425 2318 605 2359 serratis
631 2318 786 2370 pctiolo
807 2316 967 2358 lamina
994 2316 1280 2358 subbreviorc
1306 2315 1522 2365 suffultis,
1557 2315 1814 2369 pedunculis
1843 2314 1951 2356 flore

247 2378 509 2430 plerumque
532 2376 816 2429 longioribus,
843 2376 999 2428 calycis
1021 2375 1189 2416 laciniis
1211 2375 1405 2427 oblongIS
1432 2375 1551 2416 intus
1574 2374 1829 2416 tomentosis
1847 2373 1950 2415 tubo

247 2436 540 2489 glabriusculo
568 2435 857 2486 brevioribus,
881 2434 1035 2487 petalis
1059 2433 1522 2487 oblongo-spatliulatis
1554 2433 1693 2474 roseis
1711 2433 1814 2474 tubo
1840 2432 1951 2484 caly-

247 2495 308 2536 cis
334 2495 601 2547 aeqitiloiigis‚
630 2494 769 2547 drnpzi
792 2495 926 2547 parva
947 2496 1086 2544 ovata,
1114 2492 1335 2546 putamine
1351 2491 1600 2534 laeviusculo
1619 2497 1655 2539 5.
1685 2491 1725 2533 C.
1753 2490 1951 2532 Orienta-

247 2553 303 2594 lis
326 2553 463 2606 Spacli
488 2553 602 2595 Ann.
631 2552 725 2594 Nat.
755 2553 852 2594 Ser.
882 2552 934 2604 Π,
959 2554 1023 2603 19,
1054 2566 1091 2606 p.
1125 2553 1204 2594 128
1231 2563 1285 2593 cx
1312 2554 1450 2605 parte.

295 2626 397 2661 Hal).
416 2627 456 2660 in
476 2626 719 2671 rupestribus
751 2626 959 2669 montanis,
976 2636 1089 2660 mons
1119 2624 1414 2660 Beschbarmak
1446 2624 1764 2660 Transcaucasiae
1788 2624 1838 2659 ad
1857 2622 1950 2658 Cas-

276 2675 358 2709 ium
375 2674 432 2716 (G.
450 2674 546 2708 AM.
561 2675 597 2717 ἔ),
615 2673 871 2709 Antilibanus
897 2684 1014 2718 supra
1036 2673 1208 2707 Zebdani
1227 2671 1293 2707 alt.
1314 2671 1418 2707 4500’
1438 2672 1528 2716 (Ky.
1548 2682 1627 2707 exs.
1646 2671 1739 2716 70!j)‚
1757 2681 1872 2706 mons
1889 2670 1957 2705 Pir

259 2725 368 2756 )mar
393 2720 558 2755 Gudrun
589 2721 763 2764 Assyria}
797 2720 1024 2764 (Hans-sko,
1053 2720 1187 2754 Persia
1209 2719 1377 2754 borealis
1402 2718 1441 2752 in
1461 2719 1558 2764 jugo
1580 2719 1723 2754 Elbrus
1755 2718 1843 2762 (ΚΥ.
1872 2727 1951 2751 exs.

249 2768 337 2803 204!
367 2767 546 2811 Buhsell,
571 2768 611 2802 in
633 2778 739 2813 prov.
759 2767 977 2801 Asterabad
1002 2777 1120 2812 prope
1151 2766 1277 2801 Siaret
1308 2766 1454 2810 (Egel),
1482 2766 1522 2800 in
1549 2765 1750 2801 montibus
1769 2764 1859 2800 Kuh
1888 2764 1953 2799 Ki-

249 2815 395 2859 louyeh
414 2815 557 2849 Persia¹
576 2814 845 2849 austro-occid.
866 2813 1094 2858 (Hausskl).

298 2878 440 2913 Frutex
461 2876 728 2923 7-10-116113115,
758 2877 903 2911 limbus
927 2876 1109 2911 foliorum
1138 2887 1241 2922 saepe
1273 2875 1434 2922 pedalis,
1465 2876 1608 2921 calycis
1640 2876 1759 2911 tubus
1778 2875 1801 2910 2
1827 2874 1954 2909 lineas

249 2925 414 3007 ffilukfriffii
432 2925 557 2971 drupa
576 2925 661 2970 piso
683 2924 902 2959 subminor.
921 2924 1057 2959 Ramis
1074 2923 1287 2970 perforatis
1307 2923 1357 2957 ad
1376 2923 1636 2958 hauriendum
1655 2923 1782 2958 tabaci
1800 2922 1951 2956 fumum
