2065 3236
207 198 279 236 602
916 209 1196 237 LEGUMINOSAE.
1691 203 1904 253 Latiam-us.

208 282 347 325 multo
383 281 675 335 brevioribus,
707 281 864 336 calycis
895 281 1061 325 laciniis
1099 281 1625 335 triangulati-lanceolatis
1663 285 1767 328 tubo
1805 287 1908 329 sub·

210 340 478 394 aequilongiS‚
505 341 666 383 corolla
697 341 856 395 pallide
877 341 1006 393 flava,
1037 341 1254 394 legumine
1275 340 1536 384 lato-lineari
1561 343 1754 397 margine
1777 356 1906 399 supe-

210 399 318 441 riori
350 399 434 440 late
472 399 652 450 bialato,
688 399 929 441 seminibus
956 400 1030 441 5-7
1058 398 1247 452 globosis
1283 399 1467 443 laevibus
1498 404 1562 451 Θ.
1594 401 1649 444 Ic.
1681 402 1743 444 Fl.
1771 402 1904 445 Graec.

211 457 296 499 tab.
319 458 416 499 689.
436 481 489 487 —
512 457 559 499 L.
587 457 861 500 leirlceanus
879 456 921 499 C.
945 457 1063 499 Koch
1090 457 1213 499 Linn.
1242 457 1359 510 XIX,
1381 470 1422 512 p.
1447 460 1516 500 65.

257 529 371 583 Hah..
388 529 439 565 ad
464 541 575 585 sepes
603 532 641 566 et
662 530 764 566 inter
793 531 955 583 segetes,
978 529 1202 584 Zacynthus
1230 532 1268 566 et
1289 531 1440 567 Graecia
1462 534 1545 568 tota
1561 532 1715 580 (Sihth,
1733 533 1758 568 S
1787 536 1909 582 runi),

209 575 445 622 Byzantlum
461 577 561 622 (Noe
571 579 609 623 1),
627 577 781 623 Cyprus
798 576 969 622 (silom),
992 576 1107 623 Syria
1122 577 1305 613 littoralis
1327 577 1378 613 ad
1394 577 1578 615 Sidonem
1602 579 1668 624 (Bl
1680 582 1716 625 l).
1734 580 1765 615 F
1784 609 1790 615 .
1810 582 1904 628 Apr.

253 639 315 675 Ar.
343 639 476 685 Geogr.
501 639 624 685 Regio
649 639 933 676 Mediterranea
944 639 1111 686 Europae
1128 641 1166 675 et
1178 639 1319 676 Africae
1334 640 1514 677 borealis.

845 794 967 838 SEc'r.
1001 794 1054 836 II.
1087 793 1280 837 APHACA.

269 917 309 958 3.
347 915 403 957 L.
433 913 672 969 Aphaca
698 912 764 967 (L.
789 911 861 966 Sp.
894 911 1025 966 1029)
1050 910 1199 964 glaber
1224 911 1517 964 glauoesceus,
1558 912 1751 955 caulibus
1780 925 1907 967 pros-

208 975 334 1018 tratis
362 974 430 1016 vel
460 971 794 1015 ascendentibus
823 970 1059 1024 angulatis,
1093 969 1267 1023 stipulis
1294 970 1461 1023 magnis
1494 971 1632 1013 ovatis
1661 971 1755 1014 basi
1783 975 1909 1015 trun-

207 1034 313 1076 catis
340 1035 383 1075 et
408 1031 696 1084 divergentim
717 1028 1033 1081 biaurIculatiS,
1061 1027 1319 1082 pedunculis
1351 1028 1551 1072 unifioris
1577 1030 1720 1073 cirrho
1744 1031 1905 1085 longio-

206 1092 346 1144 ribus,
356 1091 511 1145 calycis
528 1089 691 1131 laciniis
706 1086 1197 1131 lanceolam-linearibus
1210 1086 1346 1129 acutis
1364 1086 1468 1130 tubo
1480 1087 1610 1141 duplo
1623 1087 1908 1144 longioribuS,

207 1151 367 1193 corolla
383 1150 500 1192 lutea
513 1144 671 1191 vexillo
689 1147 916 1196 concolori,
932 1145 1143 1200 legumine
1159 1145 1309 1187 lineari
1320 1145 1469 1188 falcato
1482 1147 1903 1201 reticulato-venoso‚

209 1209 449 1252 seminibus
485 1207 622 1250 ovatis
665 1205 1012 1259 subcompressis
1050 1203 1231 1248 laevibus
1263 1204 1562 1248 concoloribus
1585 1206 1795 1249 brunneis
1819 1207 1907 1250 hilo

208 1271 335 1310 ovato
361 1272 427 1318 Θ.
455 1266 510 1308 Ic.
538 1266 658 1319 Engl.
681 1265 776 1308 Bot.
798 1264 886 1306 tab.
915 1264 1040 1306 1167.

254 1341 357 1376 Hah.
376 1341 477 1376 inter
494 1341 643 1385 segetes
672 1338 792 1374 totius
819 1337 977 1373 ditionis
995 1348 1019 1372 a
1037 1335 1218 1381 Graecial,
1234 1335 1403 1372 Thracia
1419 1336 1576 1380 (Griseb
1591 1338 1631 1382 1),
1648 1337 1699 1372 ad
1732 1337 1907 1373 Persiam

208 1387 600 1481 ἒῗτὲῗῖοἶᾶἑὶῗυὴεθ
608 1388 644 1432 l),
660 1385 877 1432 AEgyptum
887 1384 1020 1430 (Del.),
1033 1382 1299 1430 Babyloniam
1310 1384 1412 1429 (Noe
1421 1384 1459 1429 1),
1474 1383 1730 1430 Affghaniarn
1744 1384 1864 1429 (Griff
1870 1387 1907 1431 l).

256 1497 415 1533 Semina
433 1496 551 1532 diam.
573 1496 593 1531 1
610 1495 652 1540 ³).
670 1495 738 1539 lin,
755 1494 885 1540 longa.
915 1493 973 1530 Cl.
991 1492 1143 1528 Alefeld
1168 1492 1351 1528 OEesterr.
1366 1491 1450 1528 Bot.
1468 1492 1560 1528 Zeit.
1577 1492 1679 1538 1861,
1700 1504 1736 1540 p.
1754 1493 1836 1540 281,
1859 1492 1906 1530 L.

211 1544 454 1592 dzzspermum
481 1543 574 1587 (sub
598 1539 787 1597 Αρῆαοᾷ)
804 1552 853 1577 ex
870 1540 1043 1595 AEgypto
1073 1549 1193 1586 prope
1212 1539 1407 1596 Damiette
1430 1539 1613 1594 proponit
1630 1541 1740 1587 cnjus
1758 1541 1908 1577 semina

209 1592 344 1637 ignota
361 1593 398 1626 et
443 1591 484 1626 u‘i
501 1590 700 1635 legumine
717 1589 914 1636 dispermo
932 1588 1042 1623 brevi
1060 1598 1084 1622 a
1109 1585 1154 1622 L.
1173 1586 1344 1632 Apkaca
1362 1586 1515 1622 differre
1533 1586 1682 1622 dieitur.
1709 1587 1809 1623 Eum
1828 1597 1908 1623 non

209 1639 304 1675 novi
322 1638 390 1674 sed
443 1637 679 1685 ‚Aphacam
696 1646 834 1672 verum
851 1635 1050 1681 legumine
1067 1633 1294 1669 abbreviato
1312 1633 1509 1680 dispermo
1523 1644 1627 1681 saepe
1646 1634 1738 1669 vidi.

254 1703 316 1738 Ar.
345 1702 475 1746 Geoqr.
501 1700 659 1747 Europa
679 1699 810 1735 media
827 1701 864 1735 et
880 1697 1065 1734 australis
1092 1697 1144 1733 ab
1169 1697 1314 1743 Anglia
1339 1700 1377 1733 et
1395 1698 1522 1733 Dania
1540 1697 1590 1732 ad
1607 1697 1791 1734 Rossiam
1811 1708 1903 1734 aus-

209 1749 359 1794 tralem,
379 1748 510 1784 Africa
527 1747 709 1783 borealis.

268 1898 308 1938 4.
342 1896 400 1938 L.
431 1891 994 1950 polyanthus.(Boiss.
1022 1894 1066 1934 et
1099 1891 1163 1933 Bl.
1197 1891 1348 1945 Diagn.
1388 1891 1479 1960 Spr.
1514 1892 1581 1944 ΙΙ,
1615 1893 1664 1943 2,
1694 1905 1737 1947 p.
1779 1894 1833 1935 43
1861 1894 1906 1936 in

207 1955 328 2009 nota)
349 1953 510 2008 glaber,
536 1953 827 2006 glaucescens,
850 1951 1044 1993 caulibus
1067 1951 1300 2005 prostratis
1323 1952 1392 1993 vel
1414 1951 1748 1994 ascendentibus
1772 1965 1908 2006 angu-

207 2014 320 2066 latis,
348 2012 520 2067 stipulis
541 2010 708 2064 magnis
735 2010 873 2053 ovatis
905 2010 998 2052 basi
1028 2010 1239 2052 truncatis
1264 2012 1307 2052 et
1334 2010 1621 2063 divergentim
1646 2010 1906 2053 biauricula-

208 2073 278 2126 tis,
303 2069 565 2126 pedunculis
589 2069 788 2113 unissoris
814 2069 957 2111 cirrho
976 2068 1256 2121 longioribus,
1280 2069 1436 2122 calycis
1460 2068 1627 2111 laciniis
1660 2070 1908 2113 lanceolatis

208 2130 464 2174 acuminatis
490 2129 594 2172 tubo
617 2128 835 2183 subduplo
861 2126 1145 2180 longioribus,
1173 2128 1331 2170 corolla
1355 2128 1473 2170 lutea
1493 2127 1649 2170 vexillo
1667 2129 1905 2181 concolore‚

206 2190 424 2244 legumine
450 2188 605 2230 lineari
636 2187 898 2230 rectiusculo
929 2186 999 2229 vel
1035 2186 1199 2228 modice
1239 2190 1416 2229 curvato
1435 2221 1445 2239 ,
1483 2185 1723 2229 seminibus
1758 2188 1909 2241 parvis

206 2249 345 2291 ovatis
377 2246 724 2300 subcompressis
761 2245 1004 2288 virentibus
1045 2244 1477 2299 nigro-marmoratis,
1515 2245 1600 2288 hilo
1630 2246 1812 2299 oblongo
1839 2250 1904 2297 Θ.

206 2307 388 2360 ΑρΙιασα
412 2307 684 2348 marmorata
705 2304 815 2347 Ales.
845 2303 1030 2346 OEsterr.
1052 2303 1145 2346 Bot.
1165 2304 1268 2346 Zeit.
1294 2305 1418 2357 1861,
1445 2318 1485 2359 p.
1513 2305 1738 2347 281.—L.
1760 2304 1906 2358 Apha-

207 2377 258 2407 ca
282 2365 539 2414 van-Bois&
566 2366 610 2406 et
638 2364 701 2405 Bl.
730 2364 880 2416 Diagn.
914 2363 1005 2406 Ser.
1039 2363 1093 2414 II,
1120 2364 1160 2416 2,
1187 2375 1227 2417 p.
1257 2363 1326 2405 43.

253 2439 354 2474 Hab.
373 2439 414 2474 in
431 2438 631 2474 montibus
650 2437 797 2473 Ciliciae
814 2436 997 2472 littoralis
1042 2446 1135 2520 rosse
1154 2436 1318 2472 Kechlik
1336 2436 1436 2481 (Bal.
1453 2447 1532 2472 exs.
1547 2437 1621 2473 sub
1637 2436 1683 2473 L.
1701 2436 1904 2485 Αρῆασὶὶ),

203 2486 247 2542 vin
264 2486 378 2522 cultis
396 2485 519 2532 Syriae
533 2485 584 2520 ad
604 2484 823 2530 Berythum
841 2483 922 2529 (ΒΜ
943 2484 1018 2520 Gai
1037 2484 1068 2519 ll
1122 2484 1289 2529 einertl),
1307 2483 1348 2518 in
1366 2483 1653 2531 Mesopotamia
1670 2485 1849 2530 (Haussk
1863 2487 1903 2531 !).

202 2543 210 2546 ”
252 2552 326 2587 Pro
345 2551 470 2587 forma
487 2549 532 2586 L.
551 2549 729 2597 Aphacoe
749 2549 811 2585 cui
829 2548 986 2595 stipulis
1011 2550 1049 2584 et
1066 2548 1228 2584 floribus
1258 2547 1412 2593 magnis
1437 2548 1665 2584 simillimus
1687 2551 1748 2585 est
1771 2549 1905 2591 habui,

206 2599 275 2635 sed
299 2598 486 2634 suadente
512 2597 558 2633 cl.
586 2596 740 2632 Alefeld
765 2606 870 2631 nunc
887 2605 977 2631 eum
997 2595 1214 2631 seminibus
1240 2595 1489 2635 marmoratis
1512 2596 1641 2642 magis
1670 2596 1904 2643 compressis

204 2646 423 2681 minoribus
442 2645 526 2689 (vix
544 2644 692 2680 lineam
708 2643 825 2678 diam.
843 2642 953 2687 latis)
967 2642 1143 2689 specifice
1160 2641 1387 2678 distinctum
1403 2642 1527 2678 credo.

265 2797 303 2837 5.
337 2795 395 2837 L.
431 2792 891 2849 pseudoaphaca
910 2792 1070 2848 (Boiss.
1102 2793 1252 2846 Diagn.
1287 2791 1380 2834 Ser.
1416 2791 1448 2844 I,
1479 2792 1519 2844 2,
1542 2804 1584 2845 p.
1625 2789 1727 2844 195)
1756 2789 1906 2844 glaber

204 2854 373 2901 viridIS,
400 2852 597 2895 caulibus
621 2852 826 2894 tenuibus
851 2851 1236 2906 procumbentibus
1262 2850 1541 2902 abbreviatis,
1570 2849 1743 2902 stipulis
1764 2849 1902 2891 ovatis

205 2913 298 2955 basi
324 2911 535 2954 truncatis
561 2914 605 2953 et
621 2911 907 2964 divergentim
924 2910 1232 2962 biauriculatis,
1258 2909 1516 2963 pedunculis
1535 2907 1732 2951 uuissoris
1755 2907 1899 2949 cirrho

202 2971 487 3025 longioribus,
515 2969 672 3024 calycis
695 2969 862 3012 laciniis
883 2969 1132 3012 lanceolatis
1149 2968 1252 3011 tubo
1280 2966 1720 3023 sesquilongioribus,
1742 2965 1901 3008 corolla
