1895 3292
76 225 392 276 Aryyrolobz'um.
786 232 1061 259 LEGUMINOSAE.
1728 223 1779 260 33

123 306 223 343 Hah.
241 305 282 341 in
308 305 520 350 Affghania
537 303 667 348 (Griff.
687 313 766 338 exs.
784 302 877 338 1179
888 304 924 348 l).

123 369 425 417 Semipollicare,
453 368 588 404 foliola
610 368 674 403 5-7‘
700 367 827 402 lineas
851 367 972 412 longa
1003 366 1147 402 lineam
1174 367 1378 402 dimidiam
1405 366 1501 412 lata,
1525 368 1667 403 racemi
1687 379 1776 404 cum

77 417 296 465 pedunculo
315 426 420 463 saepe
437 415 694 462 bipollicareS,
717 415 842 450 flores*
864 414 887 450 2
916 414 1042 449 lineas
1067 413 1187 459 longi,
1205 414 1390 460 legumen
1408 415 1497 450 9-10
1520 415 1586 450 lin.
1613 412 1779 461 longum

77 466 97 501 1
122 466 164 510 ‘sa
179 465 302 500 latum
330 465 511 510 utrinque
538 463 793 498 attenuatum.
813 461 976 497 Foliolis
995 462 1173 506 angustis
1192 462 1306 497 affine
1326 462 1372 498 A.
1408 462 1579 498 Arabico
1597 462 1775 502 Decaisn.

78 512 170 557 (sub
190 511 334 559 Cytiso)
355 510 587 558 pedunculis
605 509 668 544 1-2
685 508 792 544 floris
814 508 1060 544 brevissimis
1074 537 1082 552 ,
1108 509 1215 544 labio
1234 510 1428 556 superiori
1455 509 1650 556 bipartito,
1668 510 1779 556 legu-

77 560 182 595 mine
208 558 355 603 latiori,
374 561 441 593 etc.
458 558 651 600 distincto,
670 567 718 592 ex
735 555 881 592 Arabia
901 556 1048 602 tropica
1066 556 1245 592 oriundo.

137 742 175 782 5.
236 739 296 782 A.
340 736 793 793 trigonelloides
839 737 987 792 (Jaub.
1024 741 1067 780 et
1105 739 1176 792 Sp.
1221 738 1387 781 Illustr.
1429 738 1500 782 Or.
1545 739 1583 787 Ι,
1610 752 1651 794 p.
1681 742 1776 794 118,

75 801 159 844 tab.
187 798 263 853 60)
289 799 498 852 adpresse
530 808 764 851 canescens
801 797 998 839 caulibus
1024 797 1194 840 diffusis
1222 798 1459 851 flexuosis,
1490 798 1646 841 foliolis
1674 801 1777 842 sub·

75 858 337 914 petiolulatis
379 855 777 898 cuneato-obovatis
819 855 988 899 obtusis
1039 857 1107 898 vel
1148 857 1312 899 retusis
1354 858 1608 901 lateralibus
1653 853 1778 903 valde

77 918 294 972 obliquis,
321 915 581 970 pedunculis
605 915 681 957 2-5
706 914 827 957 floris
853 915 1155 970 oppositifoliis
1182 916 1281 958 folio
1309 918 1564 971 aequilongis
1594 919 1660 960 vel
1690 919 1779 961 lon-

77 977 294 1031 gioribus.
326 974 484 1027 calycis
532 974 585 1016 ad
630 973 755 1016 basin
796 974 991 1027 bipartiti
1032 975 1144 1018 labio
1186 976 1414 1029 superlore
1443 978 1557 1020 ultra
1586 978 1778 1020 medium

77 1036 280 1091 bipartito
306 1033 596 1083 inferiore,ad
623 1033 793 1075 tertiam
832 1037 1002 1087 partem
1034 1034 1202 1087 trifido,
1243 1035 1535 1088 leguminibus
1568 1036 1780 1090 adpresse

77 1094 324 1149 strigulosis
367 1092 812 1146 oblongo-linearibus
851 1094 926 1135 3-6
966 1094 1152 1148 spermis
1188 1100 1223 1142 5.
1255 1093 1430 1147 Cyte'sus
1469 1094 1778 1147 ooealldifolizts

77 1151 120 1196 C.
148 1154 199 1196 A.
228 1153 323 1206 Mey
352 1153 452 1194 Mss.
475 1151 520 1193 in
545 1151 667 1194 herb.
692 1152 864 1206 Petrop.

123 1227 224 1263 Hah.
246 1227 287 1262 in
307 1226 473 1262 collibus
512 1225 711 1261 sterilibus
730 1227 768 1261 et
794 1225 983 1271 glareosis
1017 1226 1160 1262 Persiae
1178 1227 1349 1263 borealis
1369 1227 1418 1263 ad
1439 1227 1603 1273 Mendjil
1629 1229 1778 1272 (Auch.

80 1285 160 1311 exs.
177 1275 314 1320 43581),
334 1284 443 1320 prov.
472 1273 709 1319 Aderbidjan
733 1283 803 1320 pro
834 1284 854 1309 e
881 1273 975 1309 Pere
1000 1274 1197 1310 districtus
1222 1274 1325 1310 Khoi
1352 1274 1534 1320 (Szowl),
1561 1276 1612 1311 ad
1638 1276 1778 1311 Sinum

75 1322 273 1359 Persicum
295 1321 435 1366 (Auch.
457 1330 506 1356 cx
523 1321 634 1356 Jaub.
657 1322 694 1355 et
710 1320 807 1367 Spac
838 1322 862 1366 ).

75 1433 100 1470 2
116 1385 265 1468 lcssmles
278 1384 342 1421 3-6
360 1384 578 1431 pollicares,
596 1383 731 1420 foliola.
753 1383 817 1419 3-ss
835 1383 958 1423 lineas
984 1383 1126 1430 longa,
1160 1384 1343 1430 legumen
1370 1384 1435 1420 5-8
1462 1385 1588 1420 lineas
1612 1385 1778 1431 longum

133 1444 155 1468 a
174 1443 251 1468 um.

136 1498 178 1550 β.
207 1496 546 1550 subuniflorum.
571 1520 619 1525 —
636 1495 877 1538 Peduneuli
901 1496 1164 1539 subunissori
1190 1497 1348 1551 petiole
1386 1509 1502 1552 saepe
1528 1497 1773 1539 breviores.

78 1556 146 1599 Ad
168 1561 319 1610 typum
345 1555 616 1597 intermediis
644 1555 815 1614 transit.

124 1630 222 1666 Hah.
246 1630 285 1665 in
299 1630 433 1665 Persia
445 1640 565 1676 prope
583 1627 748 1664 Kohrud
766 1628 890 1674 (Bode
908 1629 946 1664 in
976 1629 1083 1665 herb.
1103 1629 1261 1665 Fischer
1273 1630 1310 1673 l).

137 1820 176 1861 6.
210 1818 270 1861 Α.
307 1817 595 1872 Kotschyi
646 1815 815 1872 (Boiss.
860 1817 1010 1870 Diagn.
1050 1816 1140 1860 Ser.
1196 1817 1229 1866 I,
1285 1818 1325 1869 6,
1366 1830 1403 1871 p.
1449 1817 1525 1871 32)
1569 1820 1780 1873 adpresse

77 1889 309 1921 canescens
347 1877 568 1930 glaucum,
605 1875 801 1918 caulibus
843 1876 1037 1922 diffusis.
1089 1877 1246 1919 foliolis
1296 1877 1646 1930 subpetiolulatis
1705 1892 1781 1921 cu-

77 1936 420 1981 neato-obovatis
442 1936 604 1978 retusis
628 1934 880 1977 lateralibus
911 1936 1036 1977 valde
1063 1936 1265 1990 obliquis,
1290 1936 1549 1989 pedunculis
1572 1938 1778 1991 oppositi-

77 1997 172 2039 folis
202 1997 274 2037 3-5
302 1995 424 2037 floris
451 1995 550 2037 folio
584 1995 658 2036 2-3
687 1995 756 2048 plo
781 1994 1074 2047 longioribus,
1103 1996 1260 2049 calycis
1291 1995 1481 2048 bipartiti
1513 1996 1622 2037 labio
1647 2009 1778 2051 supe-

79 2055 194 2097 riore
218 2055 307 2096 fere
333 2054 386 2095 ad
417 2054 540 2096 basin
565 2054 769 2107 bipartito
804 2054 1009 2096 inferiore
1047 2054 1100 2096 ad
1133 2054 1304 2096 tertiam
1330 2058 1499 2108 partem
1527 2055 1780 2109 tridentato,

77 2114 295 2167 legumine
321 2113 530 2167 aslpresse
549 2113 663 2155 hirto
696 2117 882 2167 anguste
906 2113 1060 2154 lineari
1093 2114 1220 2154 10-12
1240 2125 1414 2167 spermo
1447 2120 1505 2160 26.

124 2186 224 2221 Hah.
251 2187 290 2220 in
307 2186 472 2267 Ipascuis
500 2185 689 2231 lapidosis
716 2186 860 2221 Persiae
889 2186 1071 2221 australis
1100 2196 1219 2233 prope
1246 2186 1411 2221 Dalechi
1440 2186 1530 2232 (Ky.
1559 2198 1639 2223 exs.
1659 2187 1729 2223 137
1742 2191 1780 2234 ἱ),

78 2234 117 2269 in
148 2235 279 2269 monte
320 2232 647 2279 <otelKuma1-edj
676 2233 818 2268 Persiae
836 2233 1240 2269 austro-occidentalis
1259 2233 1485 2278 (Hanssks).
1513 2234 1559 2269 Fl
1590 2235 1682 2282 Apr.

124 2296 235 2332 Facie
255 2298 292 2331 et
308 2295 412 2331 foliis
431 2295 477 2330 Α.
500 2295 762 2342 crzyonellozdz·
777 2296 1028 2331 simillimum
1061 2296 1129 2331 sed
1154 2296 1364 2342 pedunculi
1390 2296 1587 2341 longiores
1615 2300 1652 2332 et
1681 2309 1779 2344 prae-

80 2344 210 2379 sertim
228 2343 411 2388 legumen
431 2343 551 2389 duplo
570 2342 727 2388 longius
746 2345 784 2378 et
801 2343 966 2378 dimidio
985 2344 1192 2389 angustius
1212 2344 1322 2378 12-115
1340 2343 1404 2378 lin.
1421 2343 1586 2389 longum
1613 2345 1682 2379 vix
1700 2356 1780 2380 ses-

79 2390 291 2437 quilineam
325 2389 449 2425 latum
469 2418 477 2434 ‚
532 2390 811 2436 olyspermum.
841 2390 877 2430 A
905 2395 1154 2437 prostratum
1173 2390 1313 2425 foliolis
1340 2391 1538 2431 minimis,
1560 2392 1781 2438 pedunculo

80 2438 188 2473 brevi
206 2440 243 2473 et
268 2437 468 2483 legumine
487 2401 718 2472 albhreviato
731 2437 997 2482 distinguitur.
1030 2438 1164 2473 Flores
1191 2439 1292 2473 rosei
1318 2439 1451 2473 carina
1479 2440 1778 2485 atropurpurea.

139 2635 176 2676 7.
204 2634 264 2677 A.
303 2636 680 2688 prostratum
708 2633 867 2689 (Boiss.
909 2634 1058 2688 Diagn.
1105 2635 1196 2677 Ser.
1222 2635 1254 2687 I,
1292 2636 1358 2687 11,
1382 2648 1422 2688 p.
1465 2634 1537 2687 13)
1571 2636 1782 2691 adpresse

81 2693 243 2736 hirtum
268 2693 468 2746 glaucum
496 2693 627 2734 ramis
667 2693 1078 2736 suffrutescentibus
1115 2694 1361 2748 prostratis,
1392 2694 1549 2736 foliolis
1578 2697 1782 2739 obovato-

82 2752 276 2795 cuneatis
303 2750 552 2794 subretusis
580 2752 832 2794 lateralibus
858 2753 1070 2806 obliquis,
1106 2753 1363 2807 pedunculis
1399 2754 1703 2797 terminalibus
1739 2759 1783 2799 et

80 2810 383 2865 oppositisoliis
406 2811 676 2853 brevissimis
723 2812 961 2854 1-2-floris.
1003 2812 1158 2865 calycis
1186 2813 1238 2854 ad
1276 2813 1398 2854 basin
1439 2812 1631 2866 bipartiti
1669 2814 1781 2858 labio

81 2870 307 2924 superiore
332 2869 387 2910 ad
411 2870 602 2911 medium
623 2869 755 2911 bifido
781 2871 986 2913 inferiore
1005 2871 1053 2912 ad
1075 2871 1264 2912 medium
1288 2871 1535 2923 tridentato.
1565 2873 1781 2925 legumine

81 2928 289 2982 adpresse
314 2928 427 2971 hirto
449 2932 628 2982 anguste
656 2929 807 2970 lineari
828 2931 901 2971 5-ss
926 2941 1100 2982 spermo
1129 2937 1166 2978 5.

127 3001 226 3036 Hah.
245 3001 286 3037 in
303 3002 464 3038 desertis
484 3001 657 3048 Assyriae
674 3003 818 3047 (Auch.
833 3012 913 3038 exs.
935 3002 1026 3038 1043
1040 3004 1065 3047 l)

1544 3067 1570 3104 3
