2065 3236
2050 0 2065 59 ἓ

205 191 280 228 652
954 196 1154 225 RosAcEAE.
1729 183 1900 221 Prunus.
2053 196 2060 250 ζ,

272 307 309 348 6.
345 305 401 348 Ρ.
421 303 748 348 domestica
773 302 840 359 (L.
866 301 939 357 Sp.
965 301 1071 357 680)
1090 301 1286 352 arborea,
1306 299 1502 353 inermis,
1527 300 1707 343 ramulis
1726 298 1900 353 glabris,

212 364 324 407 foliis
349 362 695 417 ovato-ellipticis
729 362 910 405 serratis
943 360 1100 403 subtus
1136 360 1190 402 ad
1227 370 1388 402 nervos
1422 359 1667 417 praesertim
1702 357 1899 411 hirsutis,

213 423 395 475 gemmis
420 422 624 464 floriferis
660 420 935 471 subbifloris‚
976 418 1234 474 pedunculis
1268 416 1628 471 pubescentibus,
1654 416 1795 471 drupa
1826 416 1902 459 ob-

216 482 338 534 longa
360 481 597 534 majuscula
622 479 791 522 nutanti
817 482 855 529 5.
897 478 975 521 Pr.
999 478 1272 520 Damascena
1291 476 1417 520 Auct.

260 553 360 588 Hab.
381 554 421 588 in
439 553 596 598 regione
613 552 806 598 sylvatica
822 551 938 588 Pindi
961 552 1001 587 et
1021 550 1204 586 Parnassi
1220 550 1381 586 Graeciae
1411 550 1477 594 (ex
1493 548 1647 594 Sibth.)‚
1663 549 1705 584 in
1722 548 1902 596 planitie-

212 600 286 636 bus
305 600 544 636 Macedoniae
566 599 646 635 bor.
666 599 862 644 (ΘΙ-1361)),
880 608 994 645 prov.
1012 597 1078 633 Cis
1100 600 1137 633 et
1152 597 1486 633 Transcaucasicis
1504 596 1693 642 (Ledeb.),
1708 596 1748 631 in
1767 595 1902 641 sylva-

213 648 298 683 ticis
317 647 431 683 Ponti
450 657 570 693 supra
585 647 871 692 Trapezuntem
896 645 1084 690 (Bourg'.)
1116 646 1155 680 et
1175 654 1297 691 prope
1328 643 1571 679 Khabakhar
1596 642 1827 679 Lazistaniae
1858 642 1902 678 in

212 695 369 740 regione
387 693 519 740 alpina
537 696 753 740 spontanea
777 691 869 737 (Bal
884 693 921 737 l),
946 693 986 728 in
1012 691 1213 727 Abchasia
1271 701 1361 737 rope
1389 689 1632 726 Sukumkale
1648 690 1774 737 (Rupr
1787 691 1825 735 1),
1859 689 1900 725 in

210 742 305 787 jugo
323 740 468 776 Elbrus
486 741 628 776 Persiae
643 740 724 776 bor.
743 740 895 785 (Buhse
909 740 946 785 Ι).
966 738 1009 775 In
1025 738 1201 774 Caucaso
1259 737 1402 785 lyteche
1418 737 1532 773 dicta.

256 804 319 839 Ar.
349 805 478 849 Geogr.
504 803 549 838 In
564 803 722 850 Europa
738 803 887 850 passim
909 802 1074 838 occurrit
1090 801 1159 838 sed
1175 811 1255 837 non
1272 811 1362 837 vere
1379 802 1606 848 spontanea.

273 969 310 1009 7.
345 967 401 1009 P.
425 967 638 1011 ursina
663 966 763 1021 (Ky.
798 965 1031 1009 Verbandl.
1058 965 1169 1007 Zool.
1194 964 1286 1008 Bot.
1318 962 1420 1007 Ges.
1450 963 1634 1007 Vindob.
1665 964 1796 1020 1864)
1835 977 1904 1007 ar-

210 1026 405 1076 buscula,
432 1027 564 1068 ramis
582 1026 737 1068 erectis
762 1025 970 1068 tortuosis
998 1024 1287 1078 subspinosis,
1326 1023 1505 1066 ramulis
1537 1024 1756 1075 velutinis‚
1788 1024 1902 1067 foliis

208 1085 557 1139 ovato-ellipticis
580 1085 767 1127 crenatis
793 1084 886 1126 basi
909 1083 1155 1127 rotundatis
1173 1083 1242 1125 vel
1268 1082 1501 1125 attenuatis
1524 1082 1681 1126 subtus
1704 1082 1902 1136 hirsutis,

202 1144 388 1197 gemmis
416 1144 619 1186 floriferis
652 1143 875 1196 unissoris‚
915 1143 1175 1198 pedunculis
1208 1141 1480 1185 brevissimis
1514 1142 1736 1194 velutinis‚
1764 1141 1904 1196 drupa

209 1203 388 1256 globosa
412 1203 757 1245 violaceo-rubra
780 1207 820 1254 5.

259 1276 359 1310 Hal).
379 1276 417 1310 in
437 1277 594 1321 regione
617 1275 828 1322 subalpina
845 1275 988 1311 montis
1008 1274 1131 1311 Garbi
1149 1284 1268 1321 supra
1293 1273 1465 1310 Zebdani
1483 1275 1520 1310 et
1537 1274 1748 1310 Hermonis
1766 1274 1808 1310 in
1826 1274 1905 1310 An-

211 1322 375 1358 tilibano
395 1323 463 1358 ubi
482 1322 661 1369 sylvulas
688 1323 738 1358 ad
756 1323 822 1359 alt.
840 1322 945 1358 5000’
963 1322 1107 1358 format
1133 1321 1224 1367 (Ky.
1243 1332 1322 1357 exs.
1340 1321 1434 1367 401),
1461 1322 1503 1357 in
1527 1321 1668 1357 Libani
1695 1321 1801 1358 valle
1827 1321 1904 1357 Ka-

209 1370 332 1405 nobin
352 1371 389 1406 et
399 1371 498 1405 circa
516 1370 624 1405 Eden
642 1370 707 1414 (ssl
719 1371 755 1415 1).
768 1369 935 1406 Arabice
952 1368 1161 1406 Khoklz-ed
1184 1368 1282 1405 Dub.

256 1433 477 1469 Arbuscula
493 1432 761 1480 8—12-pedalis3
774 1433 900 1480 drupa
917 1433 940 1469 9
951 1433 993 1478 Ἰ,
1011 1433 1077 1468 lin.
1094 1433 1215 1479 longa
1230 1432 1254 1468 8
1271 1432 1360 1468 lata.

266 1507 310 1561 β.
329 1507 465 1560 flava.
489 1531 543 1538 —
571 1508 737 1549 Praeter
766 1508 950 1561 drupam
975 1508 1131 1550 flavam
1155 1521 1179 1550 a
1204 1510 1307 1562 typo
1334 1519 1420 1549 non
1445 1507 1623 1550 differre
1643 1507 1832 1550 videtur.

255 1582 355 1617 Hab.
379 1582 418 1617 in
445 1582 613 1617 dumetis
631 1583 824 1617 montium
848 1582 1091 1628 Akkerdagb
1118 1584 1156 1618 et
1181 1582 1391 1628 Ssoffdagh
1420 1582 1544 1629 Syriae
1563 1582 1734 1618 borealis
1760 1581 1830 1618 ubi
1847 1583 1905 1619 in-

205 1629 302 1664 colis
318 1629 445 1664 edulis
464 1629 686 1674 (Hausskl).

252 1734 335 1771 Obs.
363 1735 395 1770 1.
407 1735 521 1770 —CL
542 1735 817 1771 Haussknecht
833 1735 964 1771 retulit
981 1746 1001 1771 e
1018 1736 1151 1771 Persia
1167 1736 1218 1772 ad
1236 1735 1399 1772 Kohrud
1417 1736 1518 1772 inter
1536 1735 1717 1772 Kaschan
1736 1738 1774 1771 et
1792 1735 1905 1782 Ispa·

205 1781 283 1817 ban
312 1781 445 1817 Prum‘
474 1783 643 1829 speciem
673 1783 928 1829 in.pomariis
959 1783 1118 1819 obviam
1149 1783 1218 1819 sed
1253 1783 1489 1829 sylvestrem
1523 1784 1749 1819 fruticosam
1782 1782 1903 1819 ramis

198 1830 336 1864 erectis
354 1829 512 1874 glabris,
531 1829 636 1865 soliis
654 1831 808 1875 magnis
822 1830 861 1874 (3
875 1830 965 1876 poll.
979 1830 1124 1876 longis)
1137 1831 1266 1866 ovatis
1280 1831 1402 1866 acutis
1419 1842 1465 1866 ea
1477 1829 1614 1867 Gerasi
1629 1829 1901 1877 Capronz'anoe

206 1877 471 1920 referentibus,
498 1887 618 1923 supra
646 1878 811 1924 sparsim
837 1877 978 1913 subtus
1007 1877 1055 1913 ad
1083 1888 1224 1914 nervos
1243 1877 1362 1914 dense
1388 1878 1561 1913 hirsutis.
1587 1877 1721 1914 Flores
1748 1877 1901 1913 desunt.

202 1923 366 1958 Fructus
399 1924 541 1959 maturi
570 1923 751 1970 sphaerici
777 1924 984 1970 sanguinei
1014 1925 1286 1970 magnitudine
1318 1924 1455 1962 Gerasi
1480 1924 1626 1961 aciduli
1656 1925 1725 1960 vix
1754 1925 1900 1962 edules.

198 1968 390 2006 Putamen
414 1974 577 2006 ovatum
595 1971 657 2007 6-7
674 1970 799 2007 lineas
817 1971 990 2018 longum.
1008 1971 1149 2008 Planta
1165 1973 1319 2008 curiosa
1336 1972 1501 2009 ulterius
1520 1972 1810 2019 investiganda.

251 2067 336 2104 Obs.
367 2068 522 2103 2.——Cl.
542 2068 713 2104 Blanche
730 2069 836 2104 misit
854 2080 873 2104 e
890 2068 1005 2115 Syria
1022 2069 1073 2105 ad
1084 2069 1262 2117 Tripolin
1281 2068 1466 2106 prunum
1482 2069 1523 2105 in
1542 2069 1666 2106 hortis
1683 2069 1905 2117 frequenter

202 2115 350 2151 cultam
370 2115 535 2150 Arabice
554 2114 753 2152 Karassia
770 2116 933 2161 dictam,
957 2116 1209 2152 arbusculam
1236 2117 1358 2153 ramis
1389 2117 1551 2163 glabris,
1576 2117 1682 2152 foliis
1716 2118 1903 2153 obovato-

201 2162 387 2208 ellipticis
416 2162 570 2198 tandem
599 2163 893 2210 bipollicaribus
921 2166 1060 2209 praeter
1089 2164 1255 2210 petiolos
1281 2164 1536 2211 pubescentes
1555 2163 1717 2209 glabris,
1735 2164 1902 2211 gemmis

202 2209 389 2244 1-2-ssoris
410 2210 638 2255 numerosis,
656 2210 886 2257 pedunculis
906 2210 1072 2256 glabris,
1091 2211 1217 2247 fructu
1241 2214 1358 2247 ovato
1377 2214 1628 2258 atro-cyaneo
1648 2212 1809 2258 magnit.
1835 2211 1904 2249 Ce-

201 2256 288 2292 rasz'
303 2256 457 2291 acidulo
475 2256 537 2292 vel
557 2258 705 2303 acerbo,
720 2258 919 2305 putamine
938 2269 1007 2294 sex
1022 2257 1148 2294 lineas
1164 2258 1294 2306 longo.
1314 2259 1457 2296 Fructu
1475 2259 1626 2295 Arabes
1643 2259 1899 2295 delectantur.

206 2304 269 2338 An
286 2304 433 2350 species
449 2305 632 2351 propria?

611 2492 899 2541 ARMENlACA
929 2493 1094 2554 (Tourn.
1128 2493 1230 2542 inst.
1267 2493 1349 2542 tab.
1383 2493 1501 2556 399).

257 2623 409 2677 Drupa
433 2635 613 2666 carnosa
634 2624 908 2667 indehiscens
932 2624 1136 2667 velutina.
1162 2624 1375 2667 Putamen
1391 2625 1766 2678 ovato-globosum
1785 2637 1899 2668 com-

198 2693 403 2735 pressum
435 2683 605 2725 laeve*
624 2683 766 2726 Arbor
806 2683 916 2726 foliis
941 2684 1207 2726 aestivatione
1231 2683 1486 2726 convolutis,
1518 2682 1668 2727 Genus
1695 2696 1719 2726 a
1746 2684 1901 2727 Pruno

200 2740 347 2783 differt
368 2743 536 2784 tantum
563 2742 703 2785 fructu
732 2743 939 2785 velutino.

263 2898 296 2938 1.
331 2897 390 2940 A.
414 2897 688 2953 vulgaris
715 2898 852 2953 (Lam.
880 2899 989 2941 Dict.
1019 2898 1065 2952 I„
1090 2912 1129 2953 p.
1161 2899 1206 2954 2)
1233 2899 1366 2942 ramis
1393 2900 1601 2943 tortuosis
1638 2899 1896 2952 inermibuS‚

192 2955 307 2998 foliis
348 2956 507 3009 petiole
540 2957 809 3011 longiusculo
844 2958 992 3012 gracili
1032 2958 1225 3001 suffultis
1260 2958 1421 3012 glabrIS
1458 2959 1597 3003 ovatis
1638 2959 1895 3002 acuminatis
