2019 3257
125 226 342 265 Rhamnus.
864 229 1084 255 RHAMNEAE..
1778 218 1827 254 15

170 303 304 341 Facies
332 302 383 339 R.
416 300 595 345 oleoz'dz‘s;
620 300 725 336 foliis
756 300 934 345 margine
965 298 1156 335 revolutis
1182 298 1323 334 subtus
1353 297 1754 334 reticulato-nervosis
1787 299 1824 332 et

123 350 319 388 interdum
337 348 747 396 pellucido-punctatis
766 346 944 392 insignis.
971 366 1017 372 —-
1042 346 1089 383 R.
1100 345 1307 393 pubescens
1327 345 1456 380 Poiret
1474 348 1533 380 est
1553 345 1701 398 species
1728 344 1823 380 Gal-

123 399 197 435 lica
210 408 257 434 ex
274 396 486 444 specimine
506 395 669 431 floribus
694 397 732 430 et
755 394 883 430 fructu
900 393 1039 430 orbato
1059 393 1256 440 descripta
1267 391 1461 439 valdeque
1479 391 1609 427 dubia.

184 553 229 602 3.
248 551 310 594 R.
332 547 591 593 oleoides
618 548 684 605 (L.
709 548 781 603 Sp,
802 548 905 604 279)
930 547 1130 590 intricata
1154 546 1286 589 ramis
1309 546 1538 600 puberulis
1561 546 1824 599 glabratisve

124 609 492 666 spinescentibus,
532 608 644 651 foliis
675 607 1117 661 oblongo-linearibus
1144 606 1213 648 vel
1250 605 1684 658 lineari-spathulatis
1723 604 1827 647 sub-

122 669 328 712 coriaceis
361 667 782 722 sempervirentibus
814 666 977 721 glabris
1011 665 1191 719 integris
1218 665 1374 707 subtus
1401 664 1825 707 reticulato-venosis

125 729 247 771 venis
275 739 402 771 secus
435 726 672 780 marginem
709 726 949 769 incurvatis
979 723 1418 776 anastomosantibus,
1453 723 1636 765 floribus
1678 722 1827 776 paucis

121 787 177 830 ad
205 787 354 829 axillas
380 786 639 828 fasciculatis
663 785 920 840 pedunculis
944 784 1198 839 aequilongis
1225 783 1445 834 suffultis,
1474 782 1630 837 calycis
1658 781 1826 824 laciniis

124 844 720 898 lanceolata-triangularibus
754 844 1061 887 virenti-ssavis
1092 843 1341 895 trinerviis‚
1374 841 1529 896 petalis
1562 840 1827 893 lanceolatis,

126 904 244 947 disco
266 904 539 957 glaberrimo‚
565 903 707 957 drupa
729 906 861 958 parva
888 904 1084 955 obovata5
1112 903 1291 944 seminis
1311 902 1430 944 sulco
1449 901 1614 943 modice
1636 900 1773 942 hianti
1790 906 1825 948 5.

125 963 175 1006 R.
195 962 349 1005 Graeca
373 962 403 1017 β
430 961 725 1015 alzfflostaefolia
752 962 890 1005 Boiss.
919 965 962 1005 et
980 962 1106 1004 Reut.
1127 962 1278 1015 Diagn.
1300 985 1355 990 —-
1376 961 1426 1003 R.
1445 961 1732 1014 amygdalina
1747 975 1826 1005 1).c.

126 1021 279 1064 Prodr.
304 1018 445 1076 quo'ad
468 1022 524 1075 pl.
547 1020 755 1063 Graecam.

125 1140 140 1177 l
171 1094 600 1187 Halzlinlijnsulafyra
619 1095 667 1131 ad
688 1105 804 1142 rupes
829 1094 980 1140 (Boissl
1006 1094 1144 1140 Sartl),
1163 1094 1267 1130 Melo
1286 1096 1324 1129 et
1345 1093 1501 1129 Cimolo
1518 1094 1658 1140 (Urv.)‚
1680 1095 1829 1143 Cepha-

144 1152 233 1178 oma
284 1152 342 1178 ier
372 1171 378 1177 .
401 1152 473 1178 nc.
497 1171 502 1176 .

171 1207 354 1244 Plantam
373 1207 549 1243 Graecam
565 1207 773 1243 floriferam
788 1209 943 1243 tantum
959 1206 1041 1242 vidi
1056 1206 1125 1243 sed
1139 1207 1428 1242 characteribus
1453 1206 1594 1242 Siculae
1625 1209 1663 1243 et
1685 1208 1830 1255 Hispa-

124 1255 221 1290 nicae
244 1255 449 1290 simillima
466 1255 631 1290 videtur.

169 1319 232 1355 Ar.
254 1318 386 1364 Geoqr.
408 1318 614 1365 Hispania,
632 1318 766 1354 Gallia
783 1318 980 1364 australis,
1007 1318 1151 1363 Sicilia,
1171 1318 1364 1354 Sardinia.

185 1481 223 1523 4.
251 1482 309 1524 R.
338 1480 545 1524 Graeca
568 1480 727 1535 (Boiss.
747 1483 790 1523 et
810 1480 936 1523 Reut.
961 1481 1113 1534 Diagn.
1134 1480 1226 1523 Ser.
1248 1480 1301 1532 Il,
1320 1482 1358 1532 ὃ,
1382 1494 1420 1535 p.
1444 1481 1512 1534 74,
1536 1482 1644 1523 excl.
1666 1496 1756 1524 var.
1774 1483 1825 1538 β)

126 1540 322 1582 intricata
357 1540 490 1582 ramis
522 1540 731 1583 tortuosis
767 1540 975 1582 brevibus
1010 1540 1206 1583 breviter
1228 1539 1435 1583 velutiuis
1457 1541 1630 1582 tandem
1660 1542 1830 1595 spines-

123 1599 336 1647 centibus,
358 1598 470 1641 foliis
496 1599 677 1652 integris
708 1599 900 1641 tenuiter
936 1599 1164 1653 puberulis
1201 1599 1374 1642 demum
1408 1600 1614 1653 glabr-atis
1652 1601 1830 1644 virenti-

127 1658 208 1700 bus
235 1657 430 1700 obovatis
456 1658 523 1700 vel
550 1658 949 1700 obovato-cuneatis
970 1658 1139 1701 obtusis
1158 1658 1227 1700 vel
1250 1658 1414 1700 retusis
1449 1659 1830 1704 reticulato-veno-

128 1717 210 1769 sis,
243 1717 426 1759 floribus
459 1717 714 1759 axillaribus
746 1717 1007 1759 fasciculatis
1041 1717 1300 1771 pedunculis
1335 1718 1589 1772 aequilongis
1622 1720 1828 1762 suflultis.

122 1776 282 1830 calycis
307 1775 471 1818 laciniis
499 1776 1096 1830 lanceolam-triangularibus
1116 1775 1361 1818 virentibus
1380 1778 1573 1819 obsoleta
1590 1778 1829 1821 triuerviis.

127 1834 278 1888 petalis
315 1835 577 1886 lanceolatis,
615 1834 732 1878 disco
772 1838 1033 1887 tomentoso,
1066 1835 1206 1889 drupa
1238 1839 1371 1889 parva
1411 1836 1606 1880 obovala.
1648 1838 1828 1880 seminis

127 1893 246 1936 sulco
275 1893 439 1936 modice
472 1894 606 1936 hianti
634 1900 668 1943 5.
689 1895 757 1939 (R.
787 1893 992 1936 saoeatz‘lis
1021 1894 1173 1937 Prodr.
1212 1893 1377 1937 FU'Gr.
1404 1895 1434 1948 Ι,
1466 1908 1505 1948 p.
1539 1897 1620 1938 158
1647 1908 1700 1937 cx
1737 1897 1829 1940 loco

128 1965 213 1995 non
240 1951 284 1994 L.

172 2025 274 2061 Hab.
290 2026 330 2061 in
349 2027 590 2074 rupestribus
616 2027 670 2062 Ar
686 2026 815 2063 rolidis
833 2027 884 2063 ad
903 2027 1119 2074 Naupliam
1137 2027 1283 2074 (Sprun
1297 2030 1332 2073 l),
1359 2029 1533 2064 Arcad1a=
1558 2029 1608 2064 ad
1637 2029 1827 2065 Leondari

122 2073 311 2117 (Heldrl)‚
329 2068 465 2109 Atticis
485 2074 523 2109 in
551 2074 675 2109 monti
708 2085 754 2110 us
774 2074 961 2118 Hymetto
995 2076 1032 2110 et
1050 2075 1195 2111 Parnes
1225 2075 1416 2120 (Heldrlj).
1444 2076 1597 2111 Bolotia
1624 2077 1674 2111 ad
1704 2077 1833 2112 Leba-

125 2120 239 2155 deam
257 2119 382 2167 (Orph
395 2122 433 2166 l),
450 2121 646 2156 Parnasso
665 2122 713 2157 ad
734 2121 910 2168 Delphos
928 2122 1113 2167 (Guiccl)‚
1133 2122 1249 2158 Creta
1267 2123 1318 2159 ad
1334 2123 1489 2158 Khania
1508 2124 1625 2168 (Raul
1639 2126 1674 2165 ε’).

172 2183 316 2219 Frutex
337 2187 380 2220 ut
397 2185 552 2220 videtur
570 2185 731 2221 humilis
750 2185 969 2232 depressus,
988 2186 1082 2221 folia
1100 2187 1165 2222 4-5
1181 2187 1307 2222 lineas
1325 2187 1441 2232 longa
1463 2187 1525 2223 ’2-3
1548 2188 1626 2222 lala
1646 2190 1683 2223 in
1708 2189 1830 2235 petio-

131 2230 211 2266 lum
229 2230 293 2266 3-4
322 2231 388 2278 pk)
416 2232 635 2268 breviorem
653 2235 862 2268 attenuata.
891 2233 1032 2268 Differt
1056 2244 1077 2268 a
1104 2234 1151 2271 R.
1179 2232 1372 2281 punctam*
1399 2234 1503 2270 foliis
1529 2236 1775 2272 tenuioribus
1795 2241 1827 2272 el

127 2279 170 2312 ut
185 2277 339 2314 videtur
356 2279 529 2315 deciduis
548 2280 681 2315 formae
700 2280 865 2315 diversae
886 2280 1042 2316 tandem
1070 2281 1221 2327 glabris
1242 2295 1249 2326 ;
1276 2282 1323 2318 R.
1355 2281 1521 2317 oleor'dcs
1547 2283 1651 2317 foliis
1670 2284 1833 2319 crassio-

128 2324 237 2360 ribus
265 2325 683 2372 oblongo-linearibus,
713 2327 821 2362 disco
841 2327 991 2372 glabro,
1014 2331 1093 2370 etc„
1113 2328 1264 2373 differt;
1284 2331 1323 2364 R.
1343 2329 1550 2375 z'rzfectoria
1568 2331 1688 2365 ramis
1711 2340 1832 2378 oppo-

128 2371 223 2417 sitis,
250 2372 355 2409 foliis
373 2373 890 2420 glanduloso-denficulnus,
909 2378 992 2421 etc,
1010 2376 1274 2422 distinguitur.

189 2536 314 2580 5213.
341 2537 604 2582 hirtella.
639 2539 772 2581 ramis
804 2539 1026 2593 elongatis,
1064 2541 1245 2583 ramulis
1274 2541 1479 2583 velutinis
1508 2541 1680 2583 demum
1712 2543 1831 2597 apice

130 2594 321 2638 breviter
343 2597 707 2650 spinescentibus,
728 2598 840 2640 foliis
868 2600 1210 2652 ovato—oblongis
1235 2600 1547 2643 obtusiusculis
1573 2601 1640 2642 vel
1666 2602 1830 2644 retusis

131 2652 174 2696 in
193 2655 400 2708 petiolum
414 2657 648 2699 attenuatis
663 2657 844 2710 integris
868 2658 1025 2701 subtus
1047 2659 1202 2700 albidis
1227 2659 1433 2713 utrmque
1457 2660 1603 2714 patule
1618 2661 1832 2703 volutino-

131 2711 327 2766 lintellis,
351 2714 577 2757 floribus...
603 2716 755 2770 drupis
780 2717 928 2771 paucis
954 2717 1005 2759 ad
1033 2718 1186 2760 axillas
1213 2718 1475 2761 fasciculatis
1502 2719 1832 2774 obovalo-didy-

131 2771 227 2823 miS,
254 2773 431 2815 seminis
455 2773 562 2816 rima
592 2775 738 2818 clausa
762 2776 956 2830 margine
985 2777 1259 2829 cartilaginea
1288 2783 1322 2826 5.

178 2843 277 2880 Hah.
307 2846 346 2881 in
365 2846 533 2882 collibus
560 2847 750 2884 laiidosis
779 2849 828 2884 ad
859 2860 1006 2896 pagum
1034 2850 1162 2885 Giilek
1199 2850 1357 2895 Bogbaz
1392 2850 1511 2886 Tauri
1546 2851 1693 2886 Cilicici
1724 2854 1761 2887 et
1790 2852 1829 2887 in

131 2893 263 2927 monte
277 2892 576 2940 Karamasdagh
590 2859 846 2942 &appadociae
863 2897 1053 2941 (Bal.exs.
1067 2897 1153 2932 985!
1169 2898 1245 2933 sub
1260 2897 1307 2934 R.
1328 2896 1465 2934 Grcecd
1484 2909 1563 2934 var.
1576 2898 1830 2946 pubescente).

131 2999 140 3006 ,
178 2948 365 2992 Rami'ois
382 2957 430 2994 R.
451 2957 602 2994 Groecoe
619 2958 801 2995 elatiores
824 2959 1018 2997 videntur,
1039 2959 1133 2995 solia
1155 2959 1274 3007 paulo
1298 2961 1449 3007 majora
1466 2960 1624 3006 longius
1641 2961 1831 3008 petiolata

129 3001 359 3039 indumento
377 3004 517 3050 majori
535 3006 661 3051 magis
681 3006 815 3052 patulo
836 3017 914 3042 non
933 3007 1096 3042 deciduo
1115 3007 1243 3043 obsita
1262 3007 1573 3055 subhypoleuca.
