2065 3236
227 227 299 263 696
979 240 1171 268 ROSACEAE
1783 235 1930 284 Dryas.

289 343 324 383 1.
359 342 420 385 D.
451 343 787 398 octopetala
812 343 879 398 (L.
909 343 981 398 Sp.
1009 346 1090 387 717
1114 345 1229 388 foliis
1255 345 1660 401 oblongo-ellipticis
1685 350 1924 407 petiolatis)

227 401 319 444 basi
343 402 591 445 rotundatis
615 402 783 446 obtusis
808 403 1022 457 profunde
1045 406 1424 448 serrato-crenatis
1451 406 1607 449 subtus
1643 408 1926 452 albo-tomen·-

223 460 333 503 tosis
355 462 478 503 venis
502 460 867 515 prominentibus,
892 463 1045 516 petalis
1072 463 1180 506 albis
1207 465 1364 518 calycis
1390 464 1554 508 laciniis
1581 466 1929 512 lineari-lanceo-

225 519 325 561 latis
355 519 488 574 duplo
510 520 780 574 longioribus
807 527 842 570 5.
868 521 923 563 Ic,
951 521 1069 564 Lam.
1096 522 1159 564 Ill.
1182 522 1267 564 tab.
1291 525 1390 566 443.

271 591 372 627 Hab.
396 592 438 628 in
467 593 716 639 rupestribus
742 594 913 639 regionis
941 594 979 629 al
1009 594 1096 639 inae,
1127 594 1356 631 Macedonia
1372 597 1413 632 in
1430 596 1573 633 Scardo
1601 597 1799 644 (Griseb.)‚
1816 599 1926 646 alpes

223 640 343 674 totius
361 639 526 675 Caucasi
550 640 619 675 alt.
645 640 877 677 7000’-9000’
906 641 977 686 (Le
1007 642 1076 688 eb.‚
1096 641 1184 678 CA
1211 642 1344 689 Mey.)‚
1362 643 1631 689 Daghestania
1661 648 1699 681 et
1724 645 1925 684 Salatavia

223 685 392 722 Caucasi
407 687 610 723 orientalis
633 688 867 725 6600‘-8400’
889 689 1015 736 (Rupr
1027 690 1064 734 1).

268 750 370 787 Hah.
389 753 430 788 in
448 753 650 789 montibus
679 753 848 801 Europae
872 754 1043 790 borealis
1074 757 1113 790 et
1140 754 1291 800 mediae,
1317 755 1470 791 Sihiriae
1496 756 1626 802 totius,
1646 758 1834 793 Americae
1857 758 1927 794 bo-

221 798 356 882 5203311153
376 800 427 836 ad
442 801 646 837 meridiem
669 812 796 848 usque
815 801 864 837 ad
882 802 1116 848 Hispaniam
1134 802 1331 838 borealem
1352 805 1389 838 et
1405 802 1559 839 Italiam
1578 805 1748 840 mediam
1767 815 1927 851 progre-

827 1030 963 1078 GEUM
989 1030 1053 1090 (L.
1082 1031 1180 1078 Gen.
1209 1029 1325 1093 636).

279 1151 414 1206 Calyx
435 1154 540 1196 tubo
563 1167 778 1197 concavus
805 1156 872 1198 vel
896 1155 1146 1199 turbinatus
1172 1156 1438 1199 decemfidus
1456 1157 1623 1200 laciniis
1641 1157 1920 1202 biserialibus

219 1212 513 1256 exterioribus
542 1214 735 1269 quinque
758 1215 1013 1258 minoribus.
1052 1216 1197 1258 Petala
1235 1219 1272 1258 5.
1305 1217 1640 1270 Receptaculum
1668 1217 1924 1271 cylindrico-

218 1268 414 1316 vconicum
451 1273 627 1316 siccum.
661 1272 859 1328 Carpella
891 1275 1015 1328 stylis
1048 1279 1148 1329 post
1183 1276 1383 1318 anthesin
1407 1276 1614 1329 elongatis
1642 1276 1824 1319 hirsutis
1852 1278 1922 1319 vel

217 1330 380 1383 glabris
405 1334 648 1375 terminata.
663 1357 715 1362 ——
738 1333 896 1375 Herbae
919 1345 1151 1388 perennes‚
1170 1334 1366 1378 caulibus
1384 1335 1787 1388 infrarosularibus,
1808 1336 1921 1379 foliis

215 1390 695 1445 impari-pinnatisectis
721 1396 945 1447 segmento
968 1394 1185 1436 terminali
1211 1394 1376 1448 maJ'ori.

213 1571 336 1616 Snc'r.
367 1574 398 1615 I.
427 1575 618 1619 Euenum.
655 1602 706 1608 -
745 1578 895 1633 Stylzcs
919 1578 1147 1632 fructifer
1181 1579 1373 1633 deflexus
1395 1589 1452 1622 aa
1474 1579 1541 1622 vel
1564 1591 1704 1632 supra
1729 1579 1920 1622 mediam

508 1635 1043 1688 yeniculato-articulatus
1079 1638 1267 1681 articulo
1303 1638 1517 1691 inferiore
1549 1638 1670 1692 apice
1693 1639 1918 1681 uncinato.

243 1751 261 1767 *
311 1752 469 1800 Calycis
488 1754 641 1791 laciniae
660 1757 819 1794 demum
837 1755 1002 1795 reflekae.
1022 1759 1179 1795 Corolla
1196 1759 1284 1806 plus
1306 1761 1437 1796 minus
1456 1759 1603 1806 patula.
1622 1759 1758 1804 Stylus
1776 1769 1896 1806 supra

845 1807 1019 1842 medium
1039 1807 1294 1854 geniculatus.

273 1902 306 1942 1.
341 1900 400 1944 G.
429 1904 732 1949 urbanum
769 1906 834 1961 (L.
864 1906 935 1961 Sp.
975 1909 1079 1962 716)
1106 1907 1302 1950 caulibus
1330 1908 1513 1950 ramosis
1535 1908 1756 1961 ramisque
1779 1906 1918 1959 graci-

202 1957 332 2011 libus,
360 1960 562 2004 foliorum
590 1967 825 2017 segmentis
865 1968 937 2008 5-7
967 1967 1309 2021 ovato-oblongis
1333 1966 1694 2018 inciso-dentatis,
1722 1965 1907 2007 [loribus

198 2020 369 2072 erectis,
394 2022 549 2074 petalis
574 2022 702 2065 luteis
725 2036 748 2066 e
777 2024 870 2067 basi
900 2029 1081 2069 cuneata
1113 2026 1309 2069 obovatis
1347 2027 1490 2080 calyce
1533 2023 1904 2078 sublongioribus,

200 2079 470 2132 carpophoro
487 2081 621 2133 nullo,
643 2085 914 2137 receptaculo
936 2086 1223 2140 cai-pellisque
1243 2086 1438 2136 hirsutis,
1457 2085 1557 2139 styli
1577 2085 1758 2126 articulo
1780 2094 1910 2136 supe-

198 2136 316 2180 riore
339 2137 433 2181 basi
459 2140 680 2194 hispidulo
719 2143 892 2186 denium
930 2144 1164 2198 subglabro
1208 2151 1267 2193 26,
1308 2145 1361 2188 lc.
1404 2145 1526 2198 Engl.
1570 2143 1663 2186 Bot.
1714 2142 1836 2185 1400.
1857 2166 1912 2172 —

202 2194 248 2238 G.
279 2195 503 2240 Ibericmn
526 2200 690 2243 Besser
712 2202 826 2257 (var.
850 2203 963 2245 foliis
985 2204 1247 2257 profundius
1275 2203 1438 2257 sectis).

246 2270 347 2307 Hah.
368 2273 408 2307 in
433 2273 634 2319 sylvaticis
654 2276 893 2313 Macedoniae
920 2280 957 2314 et
973 2279 1150 2314 Thraciae
1179 2279 1360 2325 (Griseb.‚
1380 2279 1536 2326 Orphl),
1553 2278 1753 2323 Bithyniae
1774 2277 1915 2322 (Auch.

198 2327 278 2353 exs.
298 2319 445 2365 14781)‚
462 2322 578 2357 Ponti
597 2323 646 2358 ad
670 2325 865 2360 Samsoun
884 2326 1067 2371 (Tabia),
1091 2327 1226 2372 Lydiae
1244 2329 1283 2362 in
1313 2327 1449 2374 Sipylo
1476 2326 1614 2371 (Ball),
1644 2325 1845 2360 Cataonia}
1868 2325 1910 2377 in

197 2368 331 2401 monte
353 2367 582 2415 Berytdagh
601 2371 651 2405 ad
670 2372 820 2408 rivulos
852 2375 889 2408 et
918 2373 1041 2419 Syri-<e
1069 2374 1239 2409 borealis
1266 2375 1315 2410 ad
1342 2375 1489 2410 Aintab
1514 2371 1735 2416 (Haussk!)‚
1765 2372 1912 2406 Amani

196 2411 322 2457 Syriae
341 2425 460 2461 supra
480 2416 619 2452 Beilan
637 2418 716 2464 (Ky
727 2421 762 2464 1),
782 2420 923 2455 Libani
942 2421 991 2456 ad
1011 2421 1120 2456 Eden
1139 2421 1202 2466 (131
1214 2423 1254 2466 l),
1272 2423 1470 2457 Armeniae
1484 2421 1534 2457 ad
1552 2419 1758 2456 Gumusch
1773 2418 1912 2454 Khane

196 2459 383 2507 (Bourgl)
406 2465 444 2498 et
462 2464 659 2500 Armeniae
675 2465 821 2502 Lazicae
837 2467 888 2502 ad
906 2468 1040 2512 Djimil
1061 2469 1126 2504 alt.
1149 2469 1255 2505 6000'
1275 2469 1411 2514 (Ball),
1431 2469 1587 2504 Tauriae
1610 2470 1646 2502 et
1663 2476 1771 2513 prov.
1792 2465 1856 2500 Cis
1875 2468 1914 2501 et

195 2506 617 2547 Transcaucasicarum
635 2513 794 2556 (Ledeb.
812 2514 1057 2561 Ruprechtl),
1079 2517 1223 2552 Persiae
1253 2517 1334 2552 bor.
1364 2516 1410 2552 in
1440 2515 1568 2562 sylvis
1585 2513 1749 2550 Ghilani
1768 2512 1910 2557 (Auch.

197 2564 280 2590 exs.
297 2555 438 2603 44871)‚
454 2560 491 2594 et
509 2562 642 2595 monte
660 2560 808 2596 Elbrus
826 2562 1022 2607 (Buhsel).

194 2620 304 2702 AfAJ'-
336 2620 659 2705 {enati-Europa
695 2625 837 2671 omnis,
864 2626 1008 2662 Sibiria
1041 2627 1253 2673 Uralensis‚
1287 2629 1426 2674 Jugum
1470 2624 1737 2662 Himalaicum
1779 2622 1911 2664 occid.‚

251 2678 329 2703 rica
376 2679 469 2705 orea
487 2681 532 2705 is,

257 2827 293 2868 2.
328 2825 391 2870 G.
422 2826 770 2880 Hyrcanum
800 2827 927 2883 (CA.
959 2828 1108 2882 Meyer
1144 2829 1237 2871 Ind.
1277 2829 1453 2883 Petrop.
1481 2828 1566 2882 ΧΙ,
1604 2843 1644 2884 p.
1680 2830 1754 2887 32)
1785 2831 1908 2873 caule

193 2887 340 2928 erecto
365 2886 514 2939 gracili
534 2886 826 2940 ,subsimplicL
854 2887 966 2930 foliis
991 2888 1254 2930 radicalibus
1273 2888 1542 2942 simplicibus
1569 2892 1612 2930 et
1638 2889 1909 2943 pinnatipar-

193 2944 285 2986 titis
309 2949 533 2998 segmento
552 2945 770 2988 terminali
794 2947 930 2989 mullo
954 2947 1116 3001 majore
1143 2947 1566 2990 cordato-renisormi
1591 2948 1747 2996 lobato,
1776 2947 1908 2990 cauli-

192 3003 262 3046 nis
286 3004 561 3058 simplicibus
598 3005 996 3048 subreniformibus
1022 3006 1290 3059 sublobatis,
1317 3007 1474 3060 petalis
1499 3006 1626 3049 ssavis
1650 3007 1908 3050 suborbicu-
