1959 3221
101 197 172 234 870
801 203 1108 230 UMBELLIFERAE.
1548 195 1804 244 Pz'mpinella.

100 280 286 322 densum
326 275 630 327 formantibus,
675 274 791 317 foliis
835 274 1101 318 radicalibus
1152 276 1319 319 crebris
1369 275 1586 329 petiolatis
1639 276 1804 320 ambitu

101 337 298 390 oblongis
328 334 674 390 bipinnatisectis
710 335 945 386 segmentis
987 334 1039 376 ad
1077 336 1239 377 costam
1272 334 1523 389 primariam
1563 336 1807 378 decussatis

100 395 498 449 oblongo-cuneatis
535 394 579 435 in
607 392 781 434 lacinias
808 392 1016 446 oblongas
1053 394 1236 435 obtusas
1260 393 1448 447 partitis,
1471 394 1583 436 foliis
1611 394 1805 448 superio-

103 457 226 499 ribus
252 452 568 497 subsessilibus
595 452 639 493 in
662 451 837 493 lacinias
864 451 1023 494 breves
1047 455 1230 505 anguste
1255 452 1637 495 lineari-cuneatas
1657 453 1803 505 sectis,

103 513 307 558 umbellis
335 511 681 562 10-15-radiatis‚
706 509 920 552 involucri
947 513 990 552 et
1015 510 1263 554 involucelli
1294 510 1452 569 phyllis
1487 511 1560 553 3-5
1596 511 1806 554 brevibus

101 573 339 616 linearibus
366 569 753 622 albo-marginatis,
787 569 938 621 petalis
962 569 1092 611 dorso
1121 569 1330 623 adpresse
1357 570 1585 623 puberulis
1614 571 1682 612 vel
1708 583 1803 623 gra-

100 631 351 676 briusculis,
380 629 505 683 stylis
533 628 693 681 glabris
716 627 784 669 vel
807 627 997 680 bimulis,
1024 628 1167 671 fructu
1204 633 1330 671 ovato
1354 629 1549 671 breviter
1575 629 1687 672 hirto
1715 631 1805 682 sty-

101 690 286 744 lopodiis
311 689 533 742 depressis
564 687 777 740 stylisque
805 687 943 739 longis
971 687 1152 743 deflexis
1181 691 1386 741 superato
1410 688 1478 742 (D.

147 765 245 799 Hab.
259 763 298 798 in
310 762 489 806 collibus,
505 761 611 806 agris
630 760 751 796 aridis
767 762 803 795 et
816 761 916 796 circa
931 762 1072 805 vineta,
1088 761 1285 806 Lycaonia
1296 761 1395 797 circa
1410 761 1607 797 Karaman
1621 761 1807 807 (Heldm),

100 811 286 847 Armenia
304 810 466 844 Tui-cion
489 808 586 843 circa
615 807 785 843 Baitiont
815 808 998 853 (Bourgl)
1026 810 1064 843 et
1089 808 1253 843 Tortum
1279 808 1593 854 (Calv.t),.Syria
1610 809 1650 844 in
1672 811 1805 845 monte

101 861 254 894 Amano
273 857 362 901 (ΚΥ.
382 855 475 901 551),
496 856 534 890 in
555 856 756 890 montibus
769 865 890 902 prope
902 855 1047 890 Aintab
1065 858 1102 890 et
1120 855 1300 891 Marasch
1320 855 1498 900 (Haussk
1508 857 1543 900 1),
1568 856 1688 892 colles
1706 857 1808 891 circa

100 907 253 952 Aleppo
286 908 323 939 et
362 904 598 938 Damascum
630 902 777 946 (Boissl
806 902 961 947 6111111),
989 902 1240 938 Antilibanus
1267 903 1446 948 (Βο1331),
1473 903 1647 939 Libanus
1665 903 1805 948 (Auch.

100 953 228 997 368-31)
249 954 286 987 et
305 961 422 997 supra
440 949 579 985 Zachle
599 949 771 994 (Gailll).

166 1113 232 1153 15.
269 1111 311 1153 P
359 1109 745 1163 Kotschyana
769 1107 926 1160 (Boiss.
951 1109 1064 1152 Ann.
1095 1108 1161 1152 Sc.
1190 1109 1286 1152 Nat.
1322 1111 1449 1154 1844.
1487 1123 1526 1163 p.
1557 1110 1658 1165 133)
1686 1109 1808 1151 bien—

102 1171 169 1213 nis
198 1170 391 1212 breviter
417 1168 681 1220 tomentella‚
719 1168 839 1210 caule
873 1169 1163 1211 crassiusculo
1193 1170 1322 1223 paulo
1351 1181 1485 1222 supra
1512 1169 1635 1211 basin
1667 1181 1806 1212 ramo—

104 1229 276 1272 sissimo
303 1230 455 1271 solioso
480 1227 613 1269 ramis
645 1226 796 1280 rigidis
834 1227 1043 1281 elongatis
1070 1228 1302 1270 ramulosis
1335 1228 1590 1282 corymbum
1612 1228 1803 1281 amplum

105 1289 409 1338 formantibus,
437 1286 548 1329 foliis
576 1286 838 1328 radicalibus
862 1287 1078 1340 petiolatis
1105 1287 1268 1329 ambitu
1299 1287 1641 1340 ovato-oblongis
1664 1286 1805 1341 bipin-

101 1348 326 1391 natisectis
356 1346 591 1400 segmentis
619 1345 671 1387 ad
695 1348 855 1387 costam
882 1346 1129 1400 primariam
1162 1346 1404 1389 decussatis
1431 1346 1806 1388 cuneato-lanceo-

102 1407 199 1449 latis
226 1406 518 1449 decurrentim
546 1407 590 1445 et
612 1407 734 1447 acute
757 1405 1022 1458 1-3-lobatis‚
1049 1404 1247 1448 foliorum
1270 1405 1538 1448 caulinorum
1568 1405 1806 1458 segmentis

102 1467 368 1508 abbreviatis
395 1463 793 1507 obovato-cuneatis
820 1464 1161 1518 linearibusqne‚
1184 1464 1384 1507 umbellis
1409 1464 1678 1517 longiuscule
1696 1465 1805 1506 mul—

101 1525 330 1569 tiradiatis.
357 1524 583 1566 involucro
609 1524 681 1564 3-5
710 1522 853 1565 rarius
891 1523 1126 1577 l-a-phyllo
1159 1522 1522 1576 involucellisque
1550 1522 1805 1577 5-6-pbyllis

100 1584 357 1636 linearibus,
396 1582 550 1637 petalis
598 1582 727 1624 dorso
775 1582 1016 1635 puberulis,
1066 1583 1190 1636 stylis
1232 1582 1372 1633 hirtis,
1412 1582 1557 1625 fructu
1579 1582 1724 1636 patule
1763 1585 1806 1623 et

101 1643 235 1685 dense
286 1643 447 1685 liirtulo
494 1641 749 1694 stylopodiis
799 1640 1022 1695 depressis
1070 1642 1285 1696 stylisque
1325 1641 1462 1695 longis
1503 1644 1709 1695 superato
1749 1640 1804 1695 (a)

102 1703 149 1744 P.
174 1701 384 1754 apiifolia
411 1701 550 1743 Boiss.
578 1700 726 1753 Diagn.
754 1699 848 1742 Ser.
880 1700 910 1753 Ι,
939 1702 1005 1753 10,
1034 1713 1076 1754 p.
1107 1702 1174 1743 25.

149 1775 248 1810 Hah.
270 1775 307 1810 in
328 1774 614 1820 Mesopotamia
632 1774 732 1809 inter
750 1773 958 1809 Diarhekir
977 1776 1012 1809 et
1031 1773 1305 1819 Karadjadagh
1324 1774 1404 1819 (ΚΥ
1419 1775 1456 1819 1),
1481 1774 1519 1809 in
1550 1776 1681 1809 monte
1700 1773 1805 1809 Gara

100 1822 364 1857 Kurdistaniae
391 1821 481 1867 (ΚΥ.
517 1832 595 1855 exs.
622 1821 711 1856 3021
736 1821 810 1856 sub
841 1821 887 1856 P.
905 1821 1214 1868 pseudotraffl'o),
1242 1822 1282 1857 in
1306 1821 1509 1857 montibus
1534 1822 1734 1856 Avroman
1768 1824 1804 1856 et

100 1869 255 1905 Schaliu
274 1870 416 1905 Persiae
436 1869 554 1904 occid.
575 1868 755 1913 (Haussk
769 1870 806 1913 l).

147 1932 285 1967 Affinis
315 1932 360 1967 P.
390 1929 644 1977 corymbo-sai,
680 1930 854 1977 amplius
888 1931 1135 1976 corymbosa‚
1162 1930 1314 1966 laciniae
1334 1930 1458 1965 folior.
1478 1929 1706 1965 radicalium
1725 1929 1805 1976 ple-

99 1990 265 2025 rumque
285 1980 410 2024 magis
429 1979 634 2023 elongatae,
656 1978 755 2013 radii
777 1978 1005 2023 toxnentelli,
1025 1978 1174 2014 fructus
1191 1978 1322 2025 patule
1342 1979 1380 2012 et
1396 1977 1511 2022 longe
1538 1987 1608 2012 nec
1633 1976 1806 2012 breviter

99 2028 136 2062 et
154 2025 469 2074 adpressiuscule
489 2026 675 2061 hirsutus.

162 2183 225 2223 16.
261 2181 317 2223 P.
347 2180 596 2225 Olivieri
623 2181 783 2237 (Boiss.
811 2180 925 2223 Ann.
955 2180 1020 2223 Sc.
1051 2180 1146 2222 Nat.
1170 2181 1295 2234 1844,
1323 2193 1363 2235 p.
1391 2179 1491 2236 132)
1512 2179 1683 2222 biennis
1706 2180 1804 2222 bre-

98 2241 212 2282 viter
231 2241 492 2288 tomentella,
522 2241 643 2283 caule
670 2240 962 2282 crassiusculo
989 2253 1013 2281 a
1040 2239 1132 2282 basi
1152 2240 1452 2282 ramosissimo
1476 2239 1609 2281 dense
1636 2251 1805 2293 corym-

98 2300 203 2342 boso
232 2300 395 2351 folioso‚
423 2300 535 2341 foliis
563 2299 823 2341 radicalibus
850 2299 1015 2341 ambitu
1052 2297 1299 2341 lanceolatis
1337 2298 1682 2352 bipinnatisectis
1710 2310 1807 2351 seg-

97 2359 255 2401 mentis
291 2359 343 2400 ad
375 2363 535 2400 costam
575 2358 816 2401 decussatis
843 2358 1062 2412 bipartitis
1089 2357 1432 2411 ovato-oblongis
1459 2357 1501 2398 in
1530 2356 1651 2399 lobos
1681 2357 1805 2399 obtu-

99 2430 170 2460 sos
198 2418 296 2460 fidis
320 2418 385 2459 vel
413 2418 574 2467 incisis,
595 2418 795 2460 foliorum
826 2417 1107 2470 superiorum
1136 2417 1373 2470 segmentis
1402 2416 1550 2470 paucis
1579 2415 1804 2457 abbrevia·

96 2477 152 2519 tis
179 2476 587 2530 oblongo-cuneatus,
625 2476 824 2519 umbellis
861 2475 1137 2530 inaequaliter
1163 2475 1492 2527 6-10-radiatis‚
1520 2475 1735 2517 involucri
1761 2477 1804 2516 et

97 2536 346 2578 involucelli
375 2535 533 2589 phyllis
558 2537 627 2577 3-4
649 2535 857 2577 brevibus
884 2534 1139 2586 linearibus,
1182 2534 1337 2589 petalis
1375 2534 1619 2588 puberulis.
1658 2534 1803 2576 fructu

98 2595 357 2648 subgloboso
384 2595 624 2637 tuberculis
651 2594 877 2648 papillosis
900 2605 1057 2648 aspero
1089 2593 1347 2649 stylopodiis
1370 2592 1684 2635 mamillaribus
1713 2595 1805 2646 sty-

97 2654 239 2707 lisque
268 2653 404 2707 longis
435 2657 640 2707 superato
668 2654 735 2707 (ᾧ.

144 2727 243 2762 Hal).
264 2727 302 2761 in
322 2728 606 2774 Mesopotamia
623 2727 731 2771 (Oliv
743 2729 778 2772 1),
805 2727 905 2762 inter
931 2726 1024 2762 Orsa
1050 2729 1088 2762 et
1114 2726 1260 2762 Suerek
1293 2726 1373 2772 (Ky
1384 2727 1420 2770 1),
1439 2725 1481 2760 in
1501 2726 1631 2760 monte
1649 2724 1806 2770 Sindjar

95 2773 316 2819 (Hausskl),
341 2775 441 2810 circa
467 2774 618 2809 Mossul
636 2775 685 2810 ad
707 2774 841 2810 ruinas
861 2774 1017 2809 Ninivae
1035 2774 1138 2818 (Noe
1150 2775 1186 2817 1).
1206 2773 1432 2820 Specimina
1449 2772 1620 2807 florifera
1642 2783 1664 2807 a
1681 2782 1743 2807 me
1762 2772 1803 2807 in

97 2821 263 2856 collibus
284 2822 537 2857 Damascenis
556 2821 653 2857 lecta
672 2821 746 2857 hnc
770 2831 925 2868 quoque
943 2822 1117 2867 spectare
1136 2821 1330 2856 videntur.
1352 2820 1408 2855 Fl.
1427 2819 1518 2855 Mai.
1538 2819 1560 2854 J
1564 2830 1625 2854 un.

138 2886 175 2919 A
197 2884 238 2920 P.
252 2882 481 2932 corymbosc‘l
499 2884 624 2920 fructu
641 2894 717 2919 non
734 2885 836 2919 hirto
853 2884 920 2920 sed
940 2884 1194 2923 tuherculato,
1208 2883 1315 2919 foliis
1332 2882 1487 2918 ambitu
1504 2881 1804 2927 angustioribus

98 2935 158 2966 sat
176 2932 358 2967 distincta
375 2932 541 2976 videtur,
558 2934 740 2967 caeterurn
761 2932 908 2978 species
928 2934 1097 2977 quatuor
1113 2930 1263 2966 ultimae
1283 2931 1420 2966 affines
1440 2932 1476 2965 et
1495 2930 1625 2976 quoad
1644 2928 1801 2964 charac—

98 2979 196 3013 teres
215 2979 476 3025 diagnosticos
495 2980 634 3014 iterum
653 2978 937 3025 comparandae.
