2015 3227
191 186 441 224 Heracleum.
887 199 1194 226 UMBELLIFERAE.
1784 194 1880 231 1045

239 284 341 319 Hab.
361 285 400 318 in
418 284 560 320 Persiae
578 295 687 331 prov.
707 285 947 331 Aderbidjan
966 286 1122 331 (Szov.),
1139 287 1178 321 in
1197 286 1369 323 humidis
1387 288 1557 324 saucium
1575 290 1718 324 montis
1736 289 1882 326 Elbrus

189 341 309 377 prope
328 330 514 366 Derbend
532 331 623 377 (Ky.
640 342 723 368 exs.
745 331 862 378 3011),
880 342 1000 379 prope
1017 332 1251 369 Warahosul
1267 334 1459 380 (Buhsel).

237 393 417 439 Orgyale‚
436 394 654 439 robustum,
668 396 782 432 affine
799 395 846 432 H.
863 396 1091 443 pubescenti,
1103 398 1325 433 distinctum
1341 398 1443 434 soliis
1457 399 1712 435 tenerioribus
1726 401 1881 436 anisum

188 439 455 476 redolentibus
482 451 585 487 saepe
619 442 834 488 bipinnatis
862 445 901 479 in
927 444 1088 479 lacinias
1123 444 1261 489 longas
1295 445 1530 481 lanceolatas
1565 447 1882 493 pinnatipartitis,

187 488 323 523 ovario
343 488 499 533 longius
522 489 728 535 papilloso.
754 490 922 526 Fructus,
936 493 1069 536 magni
1086 491 1147 526 6-7
1166 491 1290 527 lineas
1319 492 1426 537 longi
1456 493 1568 528 valde
1600 494 1880 538 graveolentes.

249 635 316 676 13.
349 634 415 676 Η.
447 634 964 679 Lehmannianum
986 637 1105 690 (Bge.
1125 638 1180 691 pl.
1199 638 1343 680 Lehm.
1370 651 1408 691 p.
1431 638 1534 691 311)
1552 640 1671 681 caule
1689 640 1880 690 robusto,

187 692 297 735 foliis
324 706 459 747 supra
481 693 644 747 glabris
667 695 824 737 subtus
850 695 1062 738 viridibus
1090 696 1223 738 dense
1255 701 1296 738 et
1331 697 1514 739 molliter
1544 698 1880 750 pubescentibus

185 750 468 794 inferioribus
506 752 805 806 pinnatisectis
835 754 1040 807 2-3-jugis
1066 755 1297 807 segmentis
1320 756 1484 807 maguis
1508 755 1757 798 lateralibus
1781 757 1881 798 obo-

184 811 295 852 vatis
321 810 591 864 pinnatifidis
615 824 784 854 Summo
806 812 1022 865 tripartito
1047 813 1139 855 basi
1172 817 1351 855 cuneato
1378 814 1485 855 lobis
1511 815 1648 856 ovatis
1672 815 1880 858 brevibus

182 870 321 912 acutis
343 882 496 927 grosse
524 873 566 912 et
594 870 903 923 subaequaliter
927 870 1125 921 dentatis,
1159 872 1344 914 umbella
1372 873 1634 925 amplissima
1671 874 1879 925 radiante,

180 927 324 970 tructu
357 929 553 971 breviter
594 932 637 970 et
678 929 867 982 crispule
910 930 1243 983 papillati-hirto
1270 935 1417 972 exacte
1443 931 1636 983 oblongo,
1668 932 1781 985 jugis
1808 932 1879 973 vix

180 987 455 1038 prominulis‚
480 987 600 1029 vittis
624 988 800 1029 clavatis
817 987 874 1044 ad
895 987 935 1031 ³l⁴
961 989 1202 1042 mericarpii
1224 989 1460 1042 productis,
1478 991 1877 1033 cominissuralibus

180 1042 294 1088 binis
319 1046 735 1099 subdivergentibus
761 1046 1069 1100 mericarpium
1097 1048 1319 1092 dimidium
1345 1049 1619 1101 aequantibus
1653 1052 1708 1093 2⁵.

228 1119 328 1155 Hab.
348 1119 400 1154 ad
418 1121 607 1155 torrentes
635 1119 789 1165 alpinos
816 1120 960 1155 montis
992 1120 1163 1156 Karatau
1196 1120 1463 1156 Turkestnniae
1493 1132 1611 1168 supra
1635 1122 1876 1157 Saniarkand

180 1166 322 1211 (Lehm
335 1168 360 1211 !)
376 1164 484 1211 [Vi'di
503 1165 760 1202 umbellulam
780 1166 1043 1212 fructiferam).

228 1229 361 1265 Cauiis
385 1229 631 1277 3·4-pedalis.
649 1230 831 1265 foliorum
863 1233 1066 1275 segmenta
1096 1230 1270 1266 lateralia
1292 1231 1355 1266 6-8
1381 1231 1539 1277 pollices
1557 1232 1685 1276 longa.
1704 1232 1876 1267 umbella

181 1276 376 1312 fructifera
398 1277 588 1312 diametro
608 1277 891 1323 sesquipedalis
910 1277 1028 1312 radiis
1054 1278 1174 1313 49-50.
1207 1278 1431 1324 Mericarpia
1455 1279 1479 1313 5
1508 1279 1547 1321 Ἀ
1568 1279 1632 1313 lin.
1657 1279 1771 1321 longa
1790 1279 1813 1313 :3
1834 1280 1873 1322 ιβ

180 1323 269 1359 lata.
291 1325 352 1359 Ab
370 1323 421 1359 H.
440 1323 664 1370 pubescenti
679 1327 716 1359 et
735 1323 893 1359 Persico
917 1324 1042 1359 fructu
1060 1335 1136 1359 non
1154 1325 1367 1360 aculeolato
1394 1335 1463 1360 nec
1486 1326 1652 1361 obovato
1676 1326 1761 1360 basi
1785 1329 1874 1360 utte-

178 1375 301 1406 nuato
319 1371 386 1406 sed
410 1373 541 1407 exacte
559 1371 730 1416 oblongo
751 1381 799 1405 ex
816 1371 861 1405 cl.
883 1374 1038 1406 auctore
1054 1371 1289 1407 distinctum.

243 1503 307 1543 14.
341 1502 404 1544 H.
430 1501 869 1545 crenatifolium
896 1513 1137 1556 procerum,
1174 1502 1284 1544 foliis
1318 1503 1470 1556 amplis
1495 1503 1706 1545 viridibus
1734 1504 1871 1545 utrin-

178 1572 266 1614 que
303 1560 385 1603 sub
421 1561 535 1602 lente
560 1560 785 1614 puberulis
821 1560 1116 1614 pinnatisectvis
1151 1561 1404 1615 subtrijugis
1437 1563 1666 1615 segmentis
1702 1562 1871 1604 inferio-

177 1619 302 1662 ribus
329 1619 593 1673 petiolulatis
621 1619 780 1661 iterum
804 1619 1100 1673 pinnatisectis
1128 1621 1293 1662 caeteris
1338 1621 1671 1674 pinnatipartitis
1706 1621 1869 1663 laciniis

176 1678 628 1731 oblongo-lanceolatis
667 1677 975 1721 obtusiusculis
1013 1678 1166 1720 obtuse
1203 1680 1402 1727 crenatis.
1440 1680 1755 1721 inflorescentizi
1784 1679 1869 1729 gla-

174 1735 409 1787 briuscula‚
436 1737 624 1778 umbella
653 1736 955 1787 multiradiata,
980 1737 1155 1790 petalis.
1177 1770 1185 1777 .
1205 1769 1214 1777 .
1235 1769 1265 1786 .‚
1299 1738 1441 1780 fructu
1468 1738 1737 1792 (immature)
1769 1737 1869 1779 obo-

174 1798 273 1837 vato
297 1795 421 1837 valde
446 1798 595 1838 retuso
614 1795 695 1837 sub
715 1796 828 1837 lente
848 1796 999 1846 setuljs
1026 1796 1294 1838 brevissimis
1320 1796 1540 1849 adpressis
1563 1798 1683 1838 vaide
1703 1797 1867 1849 sparsis

172 1853 327 1906 obsito,
354 1854 473 1896 vittis
505 1854 666 1896 crassis
690 1854 865 1896 clavatis
889 1855 940 1896 ad
968 1855 1024 1909 ²s³
1054 1855 1284 1908 pericarpii
1306 1856 1528 1908 perductis
1555 1855 1633 1909 (19⁹3

220 1925 321 1961 Hab.
355 1926 394 1964 in
422 1926 545 1962 Ponto
575 1926 624 1962 ad
659 1927 857 1971 margines
888 1926 1011 1973 sylvae
1039 1927 1088 1962 ad
1113 1926 1252 1962 Macka
1272 1937 1388 1974 supra
1406 1927 1686 1973 Trapezuntem
1705 1928 1866 1974 (Bourg-

170 1983 250 2008 exs.
272 1973 346 2008 sub
365 1972 414 2008 H.
433 1973 633 2018 Persieol).
652 1973 707 2008 Fi.
729 1973 794 2008 Jul

219 2035 375 2071 Folium
396 2036 560 2071 inferius
580 2046 669 2072 cum
687 2036 833 2083 petiole
859 2036 1047 2082 bipedale,
1074 2036 1222 2072 laciniae
1246 2038 1530 2084 2—3-pollicares
1556 2038 1732 2084 pollicem
1763 2039 1862 2074 latae.

172 2082 234 2117 Ab
253 2082 298 2118 H.
319 2082 479 2118 Persico
497 2084 674 2129 specifice
692 2083 821 2118 differt
843 2083 1026 2118 soliorum
1044 2094 1208 2130 superne
1226 2085 1519 2130 pubescentium
1547 2086 1696 2120 laciniis
1715 2086 1865 2121 obtusis

169 2129 309 2165 obtuse
333 2131 509 2173 crenatis,
528 2130 654 2165 fructu
672 2135 812 2177 praeter
828 2131 973 2165 setulas
992 2130 1129 2175 glabro
1148 2133 1253 2177 apice
1272 2135 1416 2177 retuso3
1435 2134 1483 2167 al>
1509 2132 1552 2167 H.
1575 2131 1792 2178 pubescente·
1806 2132 1860 2167 fo-

171 2175 312 2211 liorum
341 2177 469 2222 magis
494 2177 711 2212 divisorum
738 2177 891 2212 laciniis
914 2178 1063 2212 obtusis
1082 2178 1217 2213 obtuse
1237 2180 1408 2223 crenatis,
1437 2180 1559 2213 fructu
1586 2179 1699 2214 valde
1723 2182 1861 2214 retuso.

167 2222 322 2269 Species
341 2226 473 2258 tamen
492 2234 540 2258 ex
559 2224 900 2271 unicospecimine
918 2225 1105 2270 descripta
1124 2229 1161 2260 et
1179 2225 1338 2260 ulterius
1356 2225 1637 2270 investiganda.

233 2364 298 2405 15.
341 2364 405 2406 H.
449 2364 745 2407 Amanum
788 2364 946 2417 (Boiss.
976 2367 1019 2406 et
1042 2363 1120 2418 Ky.
1148 2365 1191 2406 in
1218 2365 1296 2415 ΚΥ.
1327 2366 1382 2418 pl.
1427 2377 1515 2407 exs.
1553 2366 1683 2408 1862)
1713 2377 1861 2418 proce-

172 2420 284 2473 rum,
307 2415 419 2464 foliis
447 2424 654 2476 utrinque
679 2423 873 2464 breviter
898 2427 940 2464 et
965 2423 1171 2476 adpresse
1192 2424 1528 2476 pubescentibus
1547 2435 1735 2475 superne
1759 2423 1860 2464 viri-

170 2480 298 2522 dibus
322 2480 476 2523 subtus
503 2481 657 2534 griseis
681 2481 974 2535 pinnatisectis
997 2482 1150 2535 bijugis
1177 2483 1408 2533 segmentis
1433 2482 1626 2533 oblongis
1645 2482 1796 2534 amplis
1815 2481 1858 2523 in

170 2539 342 2580 lacinias
365 2540 567 2593 oblongas
594 2544 742 2582 acutas
781 2543 904 2581 acute
942 2543 984 2581 et
1021 2542 1170 2582 crebre
1211 2540 1490 2583 denticulatas
1522 2540 1858 2593 pinnatipartitis

168 2597 446 2640 inferioribus
467 2598 687 2640 interdum
710 2598 983 2652 petialulatis.
1019 2599 1337 2640 intlorescentia
1366 2599 1556 2640 breviter
1587 2598 1858 2650 pubescenti-

164 2656 374 2706 setulosa‚
410 2657 597 2698 umbella
633 2657 942 2708 multiradiata,
976 2658 1150 2711 petalis.
1172 2688 1181 2698 .
1202 2687 1209 2695 .
1232 2690 1261 2708 .‚
1299 2657 1445 2698 orario
1486 2658 1689 2709 setquso,
1715 2657 1857 2698 fructu

165 2726 318 2767 magno
345 2715 724 2757 ovato-orbiculato
751 2715 875 2756 valde
902 2720 1048 2758 retuso
1076 2717 1157 2758 sub
1181 2717 1295 2757 lente
1319 2716 1471 2757 setulis
1496 2715 1715 2768 adpressis
1734 2727 1856 2767 spar-

167 2772 228 2814 sis
251 2773 456 2815 brevibus
481 2774 630 2823 obsito,
658 2774 776 2815 vittis
800 2774 1023 2816 latissimis
1050 2775 1225 2816 clavatis
1243 2773 1418 2815 dimidio
1438 2774 1677 2827 pericarpio
1702 2784 1854 2826 parum

166 2830 432 2883 longioribus
455 2832 509 2886 Q)
537 2833 606 2873 vel
629 2833 811 2874 trienne.

213 2902 313 2939 Hah.
332 2903 384 2938 ad
414 2905 582 2939 confinia
612 2905 782 2940 Abetum
810 2905 850 2939 in
879 2907 1010 2941 monte
1045 2904 1281 2950 Akmadagh
1312 2905 1499 2949 (Amano)
1525 2904 1647 2949 Syriae
1677 2903 1757 2938 bor.
1788 2902 1853 2939 alt.

161 2948 268 2985 5600’
287 2950 376 2996 (Ky.
395 2961 475 2987 exs.
492 2951 582 2996 461).
604 2951 663 2987 Fl.
684 2952 780 2988 Maii
796 2951 885 2987 fine.
