1959 3221
153 200 224 236 874
852 210 1158 238 UMBELLIFERAE.
1598 204 1853 253 Pz'mpz'nella.

206 298 305 334 Hah.
324 298 364 333 in
384 297 571 336 Armenia
599 297 763 333 Turcica
791 307 911 344 prope
940 297 1126 333 Erzerum
1151 298 1332 345 (Calvi),
1360 300 1400 335 in
1430 302 1561 337 monte
1587 300 1854 348 Bimgoldagh

156 346 245 391 (Ky.
267 356 344 380 exs.
366 344 500 391 Suppl.
518 345 634 390 7261),
652 346 784 380 monte
805 345 986 380 Peristeri
1003 345 1242 380 Macedoniae
1261 346 1432 393 (Orphl).

201 410 259 445 Ar.
288 409 418 454 Geoqr.
444 409 602 455 Europa
620 410 701 444 tota
718 408 935 455 praesertim
954 408 1124 444 borealis
1144 411 1182 445 et
1199 409 1339 455 media,
1357 409 1518 456 Sibi1·ia‚
1535 411 1721 447 Dahuria.

213 559 281 599 23.
316 558 373 599 Ρ.
397 554 738 599 rhodantha
763 555 923 610 (Boiss.
950 556 994 598 in
1017 556 1163 598 Tchih.
1198 556 1272 598 As.
1315 555 1415 598 Min.
1444 556 1477 609 I,
1508 569 1549 610 p.
1577 557 1685 613 414)
1717 558 1859 612 pube-

154 618 267 667 rula,
293 617 412 659 caule
436 615 558 658 tonui
582 615 733 657 striato
760 615 908 657 folioso
927 627 1056 669 parce
1073 626 1265 664 ramoso,
1291 614 1404 657 foliis
1432 614 1733 669 pinnatisectis
1760 629 1857 671 seg-

153 675 313 718 mentis
339 675 593 717 inferiorum
620 674 814 727 oblongis
840 673 1009 716 obtusis
1037 673 1251 728 profunde
1282 673 1642 727 inciso-dentatis,
1666 675 1857 718 caulino-

153 747 250 776 rum
279 734 321 775 in
359 734 534 775 lacinias
574 734 737 775 sensim
775 734 1026 785 angustatas
1069 732 1326 774 lanceolatas
1365 737 1408 774 et
1444 733 1630 776 lineares
1664 735 1854 788 partitis7

157 793 353 835 umbellae
396 792 532 834 radiis
584 793 711 833 15-20
756 789 963 834 tenuibus
1011 791 1183 833 tandem
1228 791 1485 844 contractis,
1535 792 1660 845 stylis
1706 793 1856 836 ovario

157 851 441 904 longioribus,
457 851 624 893 fructus
639 849 958 903 ovato-oblongi
970 850 1087 904 jugis
1106 849 1470 904 prominentibus,
1489 851 1747 905 stylopodiis
1765 864 1854 893 ma-

156 909 398 952 miliaribus
433 913 470 955 26
503 910 550 951 P.
577 921 738 962 magma
760 921 856 951 var.
886 920 1014 950 rosea
1040 908 1155 950 Stev.
1184 908 1228 950 in
1249 921 1330 951 nc.
1359 908 1512 951 Prodr.
1542 909 1613 961 JV,
1630 923 1670 963 p.
1699 911 1792 952 120.

202 982 303 1018 Hah.
326 984 365 1018 in
383 982 506 1028 pratis
537 982 757 1028 subalpinis
790 982 987 1017 Armeniae
1019 981 1191 1017 Turcicae
1221 991 1341 1027 prope
1368 981 1684 1018 Gumuchkhane
1709 984 1852 1028 (Huetl

154 1029 330 1073 Tchih!)‚
364 1030 474 1065 Ponti
506 1029 632 1065 Lazici
660 1040 779 1076 prope
813 1029 950 1076 Djimil
982 1028 1071 1072 (Bal
1082 1030 1119 1074 l),
1148 1028 1312 1064 Caucasi
1334 1029 1414 1064 bor.
1443 1029 1587 1074 (Stev!)
1613 1030 1663 1065 ad
1686 1030 1853 1067 Baidara

153 1076 260 1111 7000’
280 1075 540 1123 (Ruprechtl).
560 1070 616 1111 F].
637 1080 719 1111 aest.

200 1140 502 1186 Scsquipedalis,
523 1140 634 1174 flores
653 1139 755 1175 rosei
774 1140 898 1174 rarius
917 1139 1017 1184 albi3
1038 1139 1140 1175 inter
1158 1138 1202 1174 P.
1221 1138 1483 1186 saxifiuyum
1510 1140 1547 1175 et
1571 1150 1766 1186 maynam
1792 1141 1852 1176 in-

153 1188 352 1231 termedia,
371 1198 393 1221 a
413 1187 533 1233 priori
547 1187 653 1233 jugis
672 1186 986 1232 prominentibus
1006 1187 1152 1222 fructus
1170 1189 1208 1222 et
1225 1186 1387 1221 floribus
1413 1186 1535 1221 roseis
1554 1186 1712 1233 longius
1731 1187 1854 1223 disce-

155 1235 263 1276 dens,
282 1245 305 1269 a
325 1234 527 1280 posteriori
546 1219 729 1269 caulibus
751 1233 935 1269 tenuibus
960 1244 1038 1269 non
1068 1234 1241 1278 sulcatis,
1270 1233 1390 1268 radiis
1420 1233 1668 1269 brevioribus
1694 1235 1853 1272 tandem

155 1282 360 1317 contractis
382 1281 584 1327 fructuque
604 1281 753 1316 minore
771 1281 963 1316 distincta.

212 1427 281 1468 24.
319 1425 376 1468 Ρ.
404 1437 626 1481 magna
649 1427 718 1481 (L.
751 1427 880 1469 Mant.
911 1426 1014 1483 219)
1043 1428 1191 1481 glabra
1217 1429 1285 1471 vel
1312 1429 1548 1483 puberula,
1572 1429 1692 1472 caule
1719 1442 1856 1483 angu-

151 1486 424 1527 lato-sulcato
461 1486 612 1528 folioso
651 1498 842 1540 superne
885 1499 1085 1536 ramoso,
1121 1488 1234 1531 foliis
1270 1488 1571 1542 pinnatisectis
1614 1488 1850 1541 segmentis

151 1544 402 1586 radicalium
446 1544 611 1600 maguis
649 1545 787 1587 ovatis
830 1546 1103 1594 subcordatis
1140 1547 1279 1590 acutis
1316 1548 1385 1590 vel
1425 1547 1681 1589 acuminatis
1726 1551 1850 1589 acute

152 1602 352 1654 dentatis,
374 1603 570 1645 foliorum
586 1604 855 1646 caulinorum
874 1605 1085 1658 elongatis
1109 1606 1295 1659 partitis,
1313 1606 1517 1649 umbellis
1535 1606 1854 1657 9-15-radiatis‚

152 1662 276 1715 stylis
314 1662 461 1704 ovario
489 1663 775 1715 longioribus.
808 1664 952 1706 fructu
986 1667 1112 1706 ovato
1141 1664 1257 1718 jugis
1286 1665 1561 1719 prominulis,
1595 1665 1851 1719 stylopodiis

148 1720 623 1774 ruminari-depressis
660 1726 714 1767 26.
744 1722 797 1764 Ic.
826 1722 958 1764 Rchb.
989 1722 1133 1765 Germ.
1165 1725 1289 1766 1868.

194 1794 292 1829 Hah.
312 1795 352 1829 in
371 1795 491 1841 pratis
510 1795 674 1830 Caucasi
694 1796 732 1830 in
751 1797 949 1831 montanis
969 1806 1074 1843 prov.
1094 1797 1513 1833 Transcaucasicarum
1529 1796 1846 1843 (M.B.Hohen!),

147 1841 187 1875 in
208 1842 327 1888 pratis
346 1842 549 1887 sylvaticis
568 1842 730 1878 Caucasi
748 1843 1053 1879 bon-orientalis
1071 1843 1245 1889 (Owerin
1257 1846 1293 1890 !).

193 1906 252 1941 Ar.
275 1907 408 1951 Geoqr.
438 1907 595 1953 Europa
613 1908 744 1943 media
761 1908 812 1944 ab
830 1908 975 1954 Anglia
992 1911 1030 1944 et
1046 1910 1184 1946 Suecia.
1198 1910 1334 1946 merid.
1349 1911 1397 1946 ad
1415 1909 1596 1946 Rossiam
1616 1909 1788 1945 mediam
1809 1911 1847 1945 et

145 1953 197 1988 al)
215 1953 405 2000 Hispania
425 1954 583 1989 centrali
603 1957 640 1990 et
657 1955 769 1991 Italia
792 1956 842 1992 ad
861 1956 1115 1992 Dalmatiam.

142 2090 162 2106 *
213 2090 230 2107 ¹*
281 2091 486 2127 Involucra
505 2094 542 2127 et
559 2092 797 2128 involucella
825 2092 1082 2139 oligophylla.
1112 2092 1321 2129 Valleculae
1344 2094 1574 2130 tenuissime
1600 2094 1849 2132 4-6-vittatae.

203 2182 271 2222 25.
306 2180 360 2222 Ρ.
392 2179 853 2231 anthriscoides,
871 2181 1034 2235 glabra,
1052 2181 1193 2224 radice
1212 2181 1451 2224 incrassata
1470 2182 1697 2235 fusiformi‚
1723 2184 1848 2226 caule

144 2240 439 2281 crassiusculo
462 2241 574 2281 clato
597 2240 761 2282 sulcato
795 2241 1051 2294 corymbose
1079 2253 1264 2291 ramoso,
1298 2241 1410 2283 foliis
1433 2242 1694 2284 radicalibus
1717 2242 1847 2296 longe

143 2299 358 2352 petiolatis
387 2299 549 2341 ambitu
577 2299 919 2353 triangularibus
947 2298 1293 2353 bipinnatisectis
1322 2301 1558 2354 segmentis
1590 2301 1847 2355 maJusculis

143 2357 336 2411 oblongis
365 2358 532 2400 obtusis
560 2358 716 2400 subtus
742 2358 794 2400 ad
818 2370 977 2401 nervos
1005 2358 1311 2401 scabriusculis
1336 2359 1489 2401 obtuse
1515 2359 1669 2401 Iobatis
1694 2360 1848 2402 denta-

143 2416 286 2470 tisquc
304 2415 507 2458 dentibus
535 2417 814 2469 muci-enatis,
843 2416 1043 2460 foliorum
1070 2417 1347 2472 superiorum
1370 2417 1589 2461 sessilium
1605 2419 1846 2472 segmentis

142 2476 290 2528 paucis
316 2475 564 2517 lans-colatis
599 2476 882 2529 pinnatifidis,
914 2476 1113 2519 umbellis
1149 2476 1460 2530 suhaequaliter
1495 2477 1847 2526 12-*15-radiatis,

142 2534 354 2576 involucri
383 2538 424 2576 et
453 2534 698 2576 involucelli
725 2534 883 2588 phyllis
907 2535 1055 2589 paucis
1089 2535 1529 2588 lineari-lanceolatis,
1551 2536 1719 2578 fructus
1741 2548 1844 2578 ova-

139 2593 376 2645 to-oblongi
392 2593 508 2647 jugis
537 2593 810 2635 liliformibus
843 2594 915 2635 vix
936 2593 1208 2648 prominulis.
1232 2594 1359 2647 stylis
1378 2594 1559 2637 deflexis
1585 2594 1845 2649 stylopodiis

140 2652 538 2706 couico-dcpressis
565 2653 692 2706 triplo
716 2652 984 2705 longioribus
1019 2657 1075 2699 26.

185 2724 285 2759 Hal).
304 2725 343 2760 in
366 2725 669 2761 humidiusculis
690 2725 861 2770 regionis
880 2726 1034 2773 alpinae,
1057 2725 1230 2761 Libanus
1254 2736 1374 2772 supra
1393 2725 1501 2761 Eden
1521 2728 1560 2761 et
1578 2726 1723 2762 Cedros
1745 2729 1782 2762 et
1798 2726 1840 2762 in

138 2771 350 2817 Caelesyria
383 2783 502 2818 prope
533 2772 682 2807 Balbek
710 2772 824 2818 (Bit),
854 2783 968 2808 mons
994 2773 1171 2808 Amanus
1202 2783 1321 2819 supra
1351 2774 1475 2808 Arsus
1507 2773 1634 2819 (Ky!)‚
1653 2774 1843 2809 Armenia.

136 2819 321 2854 australis
348 2819 515 2855 Kurdica
549 2819 670 2863 (unde
706 2820 751 2855 cl.
787 2819 962 2865 Kotschy
996 2821 1149 2855 semina
1183 2820 1363 2865 retulitn,
1390 2822 1545 2856 montes
1569 2821 1771 2856 Avroman
1803 2822 1841 2856 et

139 2864 294 2900 Schahu
314 2866 456 2901 Persiae
475 2866 591 2902 occid.
611 2866 659 2901 ad
678 2866 828 2902 rivulos
848 2866 1075 2903 4ΟΟΟ’-6ΟΟΟ’
1094 2866 1320 2911 (Hausskt).

185 2927 318 2962 Caulis
338 2928 584 2975 2-3-pedalis,
602 2929 786 2965 foliorum
804 2930 914 2965 infer.
934 2929 1082 2965 limbus
1107 2930 1246 2977 pedem
1273 2929 1482 2965 dimidium
1501 2929 1642 2975 longus
1664 2932 1702 2965 et
1722 2929 1843 2973 latus,

137 2978 340 3019 segmenta
366 2975 456 3011 8-15
485 2976 609 3012 lineas
636 2976 765 3022 longa,
795 2977 895 3012 radii
921 2978 940 3012 1
969 2977 1298 3024 ²l2-2—pollicares,
1331 2977 1479 3012 fructus
1508 2976 1698 3024 pedicello
1729 2977 1843 3013 tenui.
