2065 3236
236 209 317 247 632
966 216 1245 244 LEGUMINOSAE.
1803 209 1952 248 Cassia.

304 327 343 367 Ξ.
380 324 435 368 C.
462 324 796 368 lanceolata
826 324 999 381 (Forsk.
1033 325 1107 379 Eg.
1150 324 1281 368 Arab.
1319 339 1359 380 p.
1388 323 1465 380 85)
1498 325 1708 379 adpresse
1744 330 1788 370 et
1825 340 1952 382 parce

242 384 419 437 hirtula,
436 384 600 438 glauca,
637 384 834 427 caulibus
865 384 1202 427 ascendentibus
1236 384 1560 437 subherbaceis,
1593 385 1705 428 foliis
1744 387 1948 441 3-7-jugis

241 443 399 485 foliolis
426 443 886 497 oblongo-lanceolatis
925 444 995 485 vel
1028 443 1276 486 lanceolatis
1298 444 1450 495 acutis,
1481 443 1655 496 stipulis
1678 446 1953 499 persistenti-

245 502 329 544 bus
353 502 585 555 subruatis,
614 502 797 544 racemis
822 502 1002 544 demum
1029 502 1129 544 folio
1157 502 1528 556 sublongioribus‚
1555 502 1773 555 legumine
1798 504 1952 557 glabro

245 561 314 603 vel
339 573 468 615 parce
493 564 535 603 et
561 561 772 614 adpresse
794 561 964 604 hirsuto
995 561 1182 615 elliptieo
1216 562 1398 615 oblongo
1425 561 1499 603 vix
1529 565 1708 606 curvato
1745 563 1952 617 utrinque

242 620 402 662 obtuso
429 620 515 662 late
540 620 654 662 alato
687 626 746 668 36.
774 619 830 661 Ic.
866 618 968 662 Coll.
1004 620 1114 662 Mon.
1150 620 1234 662 tab.
1275 622 1341 673 15,
1366 621 1435 674 fig.
1472 618 1516 662 C.
1547 644 1599 650 —
1641 620 1682 664 C.
1711 621 1950 664 lanceolata

245 678 364 720 Nect.
387 703 445 710 —-
473 679 505 722 G
527 678 762 731 acutisolia
783 679 878 721 Del.
899 679 963 720 Fl.
984 679 1056 732 Eg.
1086 679 1170 721 tab.
1199 680 1269 732 27,
1291 680 1361 734 fig.
1393 681 1429 721 1.

291 753 393 788 Hah.
409 753 449 788 in
466 752 640 800 AEgypto
659 753 710 789 ad
734 754 947 789 cataractas
972 753 1053 789 Nili
1089 764 1211 800 prope
1241 753 1410 800 Syenem
1441 764 1531 790 cum
1566 754 1604 791 C.
1639 751 1806 793 οόουαΐᾶ
1841 754 1953 800 (Deli

243 799 404 845 Boissl),
423 800 474 836 ad
491 801 602 836 littus
626 802 746 836 maris
763 801 892 837 Rubri
909 811 1050 847 propre
1069 801 1228 836 Kosseir
1245 801 1509 847 (Schweinfl).
1528 801 1584 837 Fl.
1603 802 1714 838 Mart.

291 865 353 900 Ar.
377 863 510 910 Geoqr.
531 865 672 911 Nubia,
693 865 841 900 Arabia
858 864 1017 912 tropica,
1035 864 1148 900 India
1168 863 1352 900 borealis.

292 946 380 982 Oba.
403 944 442 981 C.
493 945 599 982 scula
616 945 670 990 L.,
689 944 727 982 C.
746 945 930 994 Sophora
946 945 1042 981 L:
1060 949 1194 982 torosa
1217 945 1366 981 Cavan.
1385 947 1423 982 et
1450 945 1489 982 C.
1508 944 1640 982 Abrus
1657 945 1699 982 L.
1718 946 1760 982 in
1777 945 1950 993 AEgypto

245 993 442 1076 1ιὲἱίἱέοέῑᾷ
446 1004 469 1075 ἰ]
475 994 503 1075 ti
521 998 553 1028 θ’.
576 993 773 1029 interdum
791 994 833 1029 in
856 993 1005 1029 Arabia
1028 992 1264 1029 Mascatensi
1287 993 1402 1029 cultae
1420 995 1628 1029 occurrunt
1647 993 1716 1029 sed
1733 1004 1813 1029 non
1834 1003 1952 1040 spon-

736 1186 1025 1236 enmroum
1067 1187 1126 1250 (L.
1153 1187 1256 1236 Gen.
1286 1186 1436 1250 1167).

304 1305 457 1349 Flores
484 1305 700 1359 polygami
725 1307 791 1348 vel
817 1305 954 1348 dioici.
984 1304 1152 1359 Calyeis
1181 1305 1314 1348 tubus
1350 1305 1545 1349 breviter
1568 1305 1832 1358 turbinatus,
1860 1318 1954 1360 seg-

245 1369 391 1407 menta
413 1367 436 1407 5
456 1365 731 1408 dentifer-mia
752 1365 945 1407 decidua.
974 1364 1121 1407 Petala
1139 1364 1270 1407 nulla.
1291 1363 1481 1407 Stamina
1506 1367 1529 1407 5
1558 1365 1698 1408 libera
1719 1365 1952 1408 filamentis

241 1424 454 1478 elongatis
478 1424 672 1466 antheris
709 1424 1000 1467 versatilibus.
1046 1423 1265 1477 Legumen
1297 1424 1545 1477 elongatum
1577 1437 1774 1467 erassum
1811 1425 1947 1468 coria-

243 1494 371 1525 ceum
402 1495 702 1538 compressum
735 1484 1013 1526 indehiscens
1046 1484 1166 1525 intus
1203 1483 1320 1525 inter
1349 1484 1515 1526 semina
1550 1484 1722 1526 isthmis
1756 1483 1953 1537 pulposis

244 1542 450 1585 divisum.
481 1567 537 1572 -—
562 1542 708 1585 Arbor
733 1543 846 1585 foliis
876 1542 1060 1597 abrupte
1081 1542 1287 1596 pinnatis,
1310 1542 1496 1585 floribus
1521 1543 1672 1598 parvis
1694 1542 1892 1585 rubellis.

311 1687 348 1727 1.
384 1686 440 1730 C.
469 1685 700 1741 Siliqua
722 1686 789 1741 (L.
815 1686 888 1741 Sp.
924 1685 1057 1742 1513)
1081 1686 1275 1740 inermis,
1302 1687 1458 1730 foliolis
1499 1687 1637 1730 ovatis
1676 1688 1846 1732 obtusis
1882 1701 1952 1733 co-

244 1744 416 1798 riaceis,
438 1746 622 1788 racemis
649 1744 859 1788 brevibus
882 1758 1008 1788 secus
1036 1758 1180 1789 ramos
1206 1747 1437 1789 annotinos
1464 1747 1720 1790 lateralibus
1743 1748 1952 1791 solitariis

244 1804 313 1846 vel
341 1805 615 1857 fasciculatis,
657 1805 875 1858 legumine
906 1806 989 1847 late
1015 1805 1169 1848 lineari
1195 1809 1320 1848 acuto
1347 1805 1400 1848 ad
1441 1809 1606 1849 uturas
1640 1807 1882 1850 incrassato
1910 1811 1949 1859 5.

244 1861 301 1905 Ic.
324 1863 441 1906 Lam.
468 1864 529 1906 Ill.
553 1864 638 1906 tab.
662 1866 761 1907 859.
791 1890 845 1895 —-
869 1863 967 1906 Cav.
991 1864 1045 1906 Ic.
1070 1866 1163 1907 113.
1827 1864 1831 1865 ⁷

292 1936 394 1973 Hab.
424 1937 466 1973 in
484 1938 595 1973 siccis
621 1938 793 1984 regionis
829 1939 966 1974 calidae
1000 1938 1162 1974 Graeciae
1193 1941 1231 1975 et
1259 1940 1343 1986 ejus
1376 1938 1598 1975 insularum
1625 1939 1784 1984 (Sibth!
1810 1940 1953 1977 Heldrl

243 1982 366 2031 Orph.
385 1985 441 2020 Fl.
461 1986 528 2021 Gr.
546 1996 629 2021 exs.
649 1986 763 2030 6222),
782 1986 977 2021 Anatoliae
992 1987 1200 2022 maritimae
1213 1987 1413 2023 orientalis
1425 1989 1462 2022 et
1476 1986 1744 2022 meridionalis
1756 1988 1900 2032 (Tchih
1916 1991 1956 2035 l),

243 2030 369 2077 Syriae
387 2035 426 2068 et
441 2033 653 2068 Palestinae
672 2033 882 2069 maritimae
909 2033 1030 2078 (Mich
1042 2034 1079 2079 ἔ),
1105 2033 1226 2080 Cypri
1243 2045 1369 2081 usque
1387 2033 1438 2069 ad
1455 2033 1559 2069 2000’
1578 2034 1658 2080 (Ky
1667 2035 1703 2079 1).
1723 2034 1752 2070 F
1756 2035 1769 2070 l
1798 2034 1901 2083 Sept.

290 2096 355 2132 Ar.
379 2097 509 2142 Geoqr.
527 2097 649 2143 Regio
670 2097 957 2133 Mediterranea
974 2097 1174 2133 maritima
1191 2097 1359 2145 Europae
1378 2099 1417 2134 et
1433 2097 1575 2134 Africae
1598 2097 1780 2134 borealis.

751 2246 827 2289 ΤΒ.
857 2245 973 2288 ΧΙΙΙ.
1004 2245 1340 2289 BAUHINIEAE
1363 2246 1459 2288 Bth.

302 2353 421 2397 Folia
446 2355 657 2410 simplicia
680 2355 848 2410 integra
873 2357 942 2398 vel
968 2356 1113 2399 2-loba
1149 2356 1294 2399 rarius
1329 2355 1582 2399 2-foliolata.
1615 2355 1763 2397 Petala
1800 2357 1824 2398 5
1850 2356 1955 2399 sub-

242 2414 426 2469 aequalia
449 2415 519 2457 vel
547 2415 939 2469 subpapilionacea.
977 2415 1185 2458 Antllerae
1211 2415 1454 2458 versatiles.
1488 2414 1697 2457 Ovarium
1725 2415 1794 2457 vel
1821 2415 1953 2470 hujus

241 2474 381 2528 stipes
408 2474 595 2517 liberum
621 2474 690 2516 vel
718 2475 876 2528 calyeis
903 2474 1037 2517 fundo
1058 2475 1278 2517 adflatum.

827 2633 1022 2696 (cuncis
1047 2634 1093 2682 L.
1125 2634 1224 2683 Gen.
1254 2634 1374 2693 510).

302 2747 436 2803 Calyx
460 2750 790 2804 campanulatus
824 2749 1114 2803 subobliquus
1149 2749 1235 2791 late
1262 2751 1306 2791 et
1330 2748 1526 2791 breviter
1552 2747 1819 2789 5-dentatus
1874 2747 1954 2789 Pe-

241 2809 328 2851 tala
362 2810 386 2851 5
421 2809 886 2864 pseudopapilionacea
919 2809 1078 2851 vexillo
1119 2808 1283 2850 intimo.
1333 2807 1527 2850 Stamina
1563 2806 1773 2848 declinata
1801 2805 1952 2848 libera.

241 2867 453 2911 Ovarium
476 2868 719 2922 stIpitatum
744 2869 789 2909 in
817 2868 951 2910 fundo
983 2867 1141 2920 calycis
1164 2867 1364 2909 liberum.
1399 2866 1620 2920 Legumen
1647 2877 1949 2919 compressum

241 2929 375 2970 tenue
403 2927 547 2970 serius
572 2927 757 2970 bivalve.
782 2953 835 2957 -
865 2926 1060 2969 Arbores
1098 2927 1167 2969 vel
1200 2926 1379 2969 frutices
1406 2926 1517 2968 soliis
1548 2925 1744 2978 integris,
1766 2923 1950 2967 floribus

243 2987 384 3029 roseis
409 2986 455 3029 in
482 2998 677 3041 racemos
695 2986 854 3029 breves
880 2986 933 3028 ad
958 2998 1103 3028 ramos
1124 2987 1322 3028 vetustos
1351 2984 1593 3039 dispositis.
