2085 3231
234 157 307 194 122
945 162 1219 190 LEGUMINOSAE.
1714 152 1940 199 Trifolium.

233 237 449 280 subulatis
471 236 713 290 aequalibus
737 234 842 277 tubo
865 233 998 288 duplo
1023 232 1294 287 longioribus
1324 231 1499 275 demum
1525 232 1729 275 stellatim
1752 232 1939 286 patenti-

234 295 332 347 bus,
357 295 463 337 tubo
488 294 711 337 fructifero
732 293 850 335 villis
878 295 1046 335 tantum
1073 293 1218 335 clauso
1249 296 1314 343 Ε).
1343 291 1398 334 Ic.
1421 291 1484 333 Fl.
1509 290 1646 333 Graec.
1668 291 1753 333 tab.
1780 292 1876 333 750.

282 368 387 404 Hah.
424 369 464 404 in
495 368 662 403 collibus
695 366 869 402 herbidis
903 366 944 401 in
972 365 1172 411 regionem
1197 367 1427 400 montanam
1454 364 1687 409 ascendens,
1714 363 1941 409 Zacynthus

237 416 411 461 (Marg.)‚
432 415 676 461 Cephalonia
688 414 730 449 in
748 415 880 449 monte
898 412 1020 448 AEnos
1039 412 1103 448 alt.
1125 411 1229 448 3500’
1245 411 1434 457 (Heldrl)‚
1453 411 1607 447 Graecia
1621 411 1662 446 in
1680 413 1814 446 monte
1832 410 1942 446 Heli-

236 472 331 499 cone
362 462 522 497 Baeotiae
549 461 724 507 (Orphi)‚
743 460 857 496 Creta
873 459 1032 505 (Sihth.)
1048 487 1056 503 ‚
1070 458 1232 495 Rhodus
1250 459 1446 504 (Bourgl)‚
1464 457 1693 494 Macedonia
1714 460 1751 495 et
1773 457 1940 493 Thracia

236 509 394 554 (Griseh
405 511 441 554 1),
460 509 646 554 Bithynia
657 508 803 552 (Νοέῐ),
815 507 942 553 Lydia
952 506 1095 551 (Boiss.
1108 507 1145 551 Ι),
1155 506 1252 542 Pam
1284 505 1396 552 hylia
1406 505 1456 541 ad
1466 504 1606 541 Adalia
1617 505 1766 550 (Bourg
1776 506 1814 549 1),
1824 504 1939 551 Syria

234 557 286 592 ad
304 556 455 638 Aleppo
475 558 512 591 et
535 555 681 591 Aintah
699 556 736 590 et
758 553 1043 601 Mesopotamia
1063 553 1259 598 (Hausskl
1281 581 1288 595 ,
1308 552 1359 588 ad
1376 552 1560 589 Sidonem
1578 553 1617 588 et
1628 552 1728 588 circa
1745 551 1855 587 Eden
1873 551 1935 587 Li-

233 603 327 639 bani
351 603 399 647 (13
423 605 460 647 ἱ),
483 603 700 638 Damascus
720 602 762 636 in
780 604 913 636 monte
930 600 1055 637 Gebel
1071 599 1277 636 Khaisoun
1285 598 1409 645 (Gaill
1423 600 1459 645 1),
1472 599 1681 635 Palestina
1690 598 1741 634 ad
1754 598 1941 634 Hieroso—

235 650 387 696 lymam
405 650 536 694 (Boiss
549 651 586 698 Ι).
614 648 795 686 Ρ1.Νθι·θ.

281 714 342 795 Af).
372 713 507 795 Getfgr.
537 711 684 748 Insulae
702 711 972 757 Canarienses‚
983 688 1157 756 Madem,
1178 710 1285 757 regio
1296 708 1585 746 Mediterranea
1599 709 1767 756 Europae
1785 709 1824 744 et
1839 707 1943 744 Atri-

235 770 288 796 cae
336 770 426 796 orea
446 769 491 795 is.

292 875 359 916 25.
383 873 437 916 T.
460 873 843 916 incarnatum
855 871 922 928 (L.
937 870 1009 925 Sp.
1037 871 1166 924 1083)
1184 869 1373 913 'molliter
1391 871 1612 922 villosum,
1629 872 1834 920 erectum,
1852 869 1934 912 sti-

232 933 347 987 pulis
383 932 722 974 membranaceis
759 931 1007 974 subinflatis
1048 933 1171 985 parte
1213 929 1351 972 libera
1387 931 1513 973 ovata
1551 930 1708 972 obtusa
1745 928 1938 979 dentata,

232 991 392 1034 foliolis
427 992 512 1033 late
539 989 958 1043 cuneato-obovatis‚
994 989 1194 1044 capitulis
1222 988 1567 1043 ovato-oblongis
1602 987 1777 1030 tandem
1802 987 1938 1041 cylin-

232 1050 547 1104 dricis.calycis
566 1049 724 1092 corolla
744 1049 928 1103 punicea
952 1050 1108 1101 quarta
1131 1051 1255 1103 parte
1276 1047 1493 1090 brevioris
1521 1046 1688 1090 laciniis
1707 1046 1941 1100 subaequa-

228 1107 827 1151 libuslanceolato-subulatis
842 1109 947 1151 tubo
971 1107 1240 1161 longioribus
1258 1106 1494 1149 fructiferis
1521 1105 1785 1161 patentibus.
1811 1105 1933 1147 fauce

233 1170 384 1222 aperta
409 1168 549 1222 pilosa
579 1172 643 1218 O.
668 1167 723 1209 Ic.
742 1167 802 1209 Fl.
832 1166 968 1209 Graec.
986 1166 1072 1209 tab.
1104 1167 1201 1209 748.

280 1241 382 1277 Hah.
402 1242 441 1277 in
460 1240 672 1288 peninsula
692 1240 822 1276 Athoa
832 1240 1072 1278 Macedoniae
1091 1240 1274 1286 (Sihth),
1286 1239 1468 1285 Byzantii
1481 1239 1628 1284 (Noai).
1642 1237 1754 1285 Saepe
1772 1238 1936 1274 cultum.

289 1308 334 1362 β.
361 1307 576 1350 Molinera‘.
605 1306 774 1350 Corolla
788 1306 1161 1350 roseo-alba—-T,
1183 1304 1390 1349 Molineri
1405 1305 1525 1348 Balb.
1545 1303 1634 1347 Cat.
1657 1304 1786 1347 Taur.
1811 1304 1937 1346 1813.

241 1392 294 1399 —-
312 1368 347 1410 Τ
382 1366 611 1410 Νοέαηηηῑ
632 1367 765 1409 Rchh.
792 1367 852 1409 Fl.
878 1365 1023 1408 Germ.
1051 1378 1141 1409 exs.

282 1440 382 1476 Hah.
401 1440 443 1475 in
460 1440 692 1476 Macedonia
713 1440 820 1485 (Friv
832 1441 869 1486 l).

276 1503 337 1538 Ar.
358 1502 488 1548 Geoqr.
508 1502 640 1539 Gallia
656 1502 788 1540 media
806 1504 846 1538 et
861 1503 1058 1549 australis,
1073 1502 1197 1546 Italia,
1214 1502 1426 1548 Dalmatia,
1440 1503 1550 1548 regio
1569 1500 1813 1541 Danubialis.

291 1624 358 1665 26.
393 1623 446 1666 Τ.
480 1622 938 1678 anqustifolium
963 1623 1030 1679 (L.
1060 1623 1132 1677 Sp.
1158 1623 1288 1675 1083)
1311 1622 1521 1677 adpresse
1544 1622 1780 1674 hirsutum,
1803 1623 1930 1665 caule

230 1685 389 1734 erecto,
416 1682 590 1736 stipulis
617 1683 814 1735 angustis
840 1686 963 1736 parte
989 1683 1126 1725 libera
1157 1681 1645 1731 lanceolato-siibulati5‚
1670 1681 1825 1724 foliolis
1855 1693 1933 1724 an-

227 1744 353 1795 guste
379 1741 632 1792 linearibus,
661 1742 791 1795 spicis
816 1741 1181 1796 conico-oblongis
1204 1742 1356 1794 acutis,
1381 1742 1538 1795 calycis
1561 1739 1728 1784 laciniis
1755 1740 1935 1783 subula-

227 1803 283 1847 tis
309 1800 427 1855 apice
448 1800 798 1854 spinescentibus
824 1801 955 1844 nudis
979 1800 1184 1844 inferiore
1217 1800 1496 1854 sublongiore
1524 1799 1683 1843 corolla
1709 1801 1837 1842 rosea
1859 1811 1936 1854 pa-

230 1872 329 1902 rum
356 1860 557 1902 breviore
589 1864 653 1910 O.
674 1859 729 1902 Ic.
753 1860 815 1902 Fl.
843 1859 979 1903 Graec.
1007 1861 1091 1903 tab.
1123 1861 1220 1903 749.

273 1933 372 1969 Hah.
395 1933 436 1969 in
454 1933 601 1980 campis
615 1933 829 1970 etcollibus
847 1934 1010 1970 Graeciae
1022 1934 1165 1979 (Sibth.
1187 1933 1315 1980 Sprun
1325 1935 1363 1978 l),
1376 1933 1556 1969 Thraciae
1573 1927 1734 1978 (Gri‘seb
1749 1933 1787 1977 1),
1802 1931 1934 1968 Rhodi

227 1980 428 2026 (Bourgl),
455 1981 649 2016 Anatoliae
683 1981 764 2017 hor.
796 1981 848 2017 ad
881 1982 1167 2028 Trapezuntem
1213 1981 1365 2026 (ΠΝ),
1406 1980 1589 2016 australis
1622 1979 1664 2015 in
1695 1978 1935 2026 Pamphylia

227 2028 404 2072 (Heldrl)
438 2030 476 2063 et
510 2028 648 2064 Cilicia
681 2028 845 2073 (Ball),
881 2029 996 2074 Syria
1021 2028 1182 2064 littorali
1205 2028 1333 2074 (Bit),
1364 2027 1512 2063 Tauria
1538 2026 1728 2074 (Ledeb.)‚
1762 2025 1935 2072 Talysch

226 2075 389 2158 globi),
415 2076 548 2111 Persia
577 2076 658 2111 hor.
685 2076 725 2111 in
748 2086 859 2124 prov.
881 2076 1028 2112 Ghilan
1047 2078 1084 2112 et
1103 2075 1362 2112 Mazanderan
1380 2075 1518 2121 (Auch.
1539 2084 1617 2110 exs.
1636 2073 1749 2110 4329!
1777 2073 1934 2119 Bunge!

277 2151 284 2157 .
303 2132 405 2158 vere.

273 2178 335 2213 Ar.
364 2178 503 2223 Geoqr-
529 2177 677 2214 Insulae
714 2179 888 2215 Azoricae
920 2181 958 2217 et
988 2179 1265 2225 Canarienses,
1299 2178 1478 2224 Madera,
1513 2178 1621 2223 regio
1650 2176 1938 2214 Mediterranea.

226 2225 395 2272 Europae
414 2228 452 2260 et
467 2225 608 2262 Africae
626 2226 798 2262 borealis

290 2355 358 2397 27.
392 2356 444 2398 Τ.
485 2355 913 2401 intermedium
947 2356 1099 2413 (Guss.
1132 2355 1286 2399 Prodr.
1316 2356 1398 2399 Sic.
1425 2356 1481 2407 II,
1509 2369 1550 2411 p.
1579 2354 1685 2410 508)
1724 2355 1935 2410 adpresse

225 2414 459 2467 hirsutum,
487 2415 684 2458 caulibus
704 2416 861 2458 erectis
896 2417 967 2459 vel
992 2415 1343 2468 ascendentibus,
1381 2415 1570 2471 stipulis
1586 2414 1783 2468 oblongis
1807 2418 1931 2469 parte

224 2474 364 2516 libera
382 2474 787 2527 subulatis‚foliolis
810 2475 1266 2529 oblongo-lanceolatis
1289 2474 1491 2518 foliorum
1513 2474 1638 2517 infer.
1653 2473 1839 2527 obtusis,
1865 2486 1934 2516 ca-

225 2533 334 2587 lycis
369 2532 535 2575 laciniis
561 2534 777 2576 subulatis
808 2533 995 2588 abrupte
1032 2534 1119 2588 pilo
1159 2533 1402 2576 terminatis
1445 2545 1602 2588 parum
1640 2532 1933 2587 inaequalibus

223 2592 328 2635 tubo
350 2591 620 2646 longioribus
648 2592 807 2635 corolla
833 2593 976 2635 albida
1000 2593 1073 2635 vix
1099 2593 1377 2636 brevioribus
1409 2595 1473 2643 Θ.

271 2667 372 2703 Hah.
400 2667 441 2703 in
457 2667 624 2707 collibus
650 2668 821 2714 regionis
850 2668 998 2714 calidae,
1023 2668 1213 2715 Zacynthi
1241 2668 1423 2713 (Margi),
1448 2666 1563 2703 Creta
1591 2669 1629 2703 et
1663 2665 1796 2704 insula
1829 2665 1931 2712 Syra

223 2714 575 2808 {igvxgisfssg'isisslssum
606 2715 726 2751 Delos
750 2715 1002 2763 Archipelagi
1035 2715 1228 2761 (Parolini
1257 2726 1305 2751 ex
1323 2715 1432 2760 Vis),
1450 2714 1601 2750 Euhaea
1630 2723 1754 2762 prope
1779 2713 1933 2749 Chalci-

268 2825 508 2862 Praecedenti
526 2825 665 2871 minor,
683 2826 777 2862 folia
794 2826 984 2871 breviora,
1002 2826 1176 2874 capitula
1185 2826 1313 2872 magis
1331 2825 1591 2873 cylindracea,
1608 2825 1755 2872 calycis
1773 2825 1929 2861 laciniae

221 2873 388 2919 abrupte
405 2872 487 2919 pilo
508 2873 727 2909 terminatae
744 2884 815 2909 nec
832 2874 873 2910 in
890 2874 1090 2921 spinulam
1106 2874 1254 2912 nudam
1273 2875 1494 2910 attenuatae.

266 2940 332 2976 Ar.
353 2938 486 2984 Gooqr.
512 2938 707 2986 Hispania
723 2938 922 2985 australis,
941 2939 1113 2985 Alget-ia,
1132 2937 1348 2975 Dalmatia.
