<?xml version="1.0" encoding="UTF-8"?>
<!DOCTYPE html PUBLIC "-//W3C//DTD XHTML 1.0 Transitional//EN"
    "http://www.w3.org/TR/xhtml1/DTD/xhtml1-transitional.dtd">
<html xmlns="http://www.w3.org/1999/xhtml" xml:lang="en" lang="en">
 <head>
  <title>
</title>
<meta http-equiv="Content-Type" content="text/html;charset=utf-8" />
  <meta name='ocr-system' content='tesseract 3.04.00' />
  <meta name='ocr-capabilities' content='ocr_page ocr_carea ocr_par ocr_line ocrx_word'/>
</head>
<body>
  <div class='ocr_page' id='page_1' title='image "./floraorientaliss02bois_0757.png"; bbox 0 0 2015 3227; ppageno 0'>
   <div class='ocr_carea' id='block_1_1' title="bbox 134 205 1845 258">
    <p class='ocr_par' dir='ltr' id='par_1_1' title="bbox 134 205 1845 258">
     <span class='ocr_line' id='line_1_1' title="bbox 134 205 1845 258; baseline -0.003 -12"><span class='ocrx_word' id='word_1_1' title='bbox 134 209 368 258; x_wconf 73' lang='lat' dir='ltr'>Epilobiam.</span> <span class='ocrx_word' id='word_1_2' title='bbox 847 216 1107 245; x_wconf 75' lang='lat' dir='ltr'>ONAGRARIAE.</span> <span class='ocrx_word' id='word_1_3' title='bbox 1771 205 1845 242; x_wconf 75' lang='lat'>749</span> 
     </span>
    </p>
   </div>
   <div class='ocr_carea' id='block_1_2' title="bbox 129 322 1843 953">
    <p class='ocr_par' dir='ltr' id='par_1_2' title="bbox 129 322 1842 849">
     <span class='ocr_line' id='line_1_2' title="bbox 195 322 1841 378; baseline -0.002 -9"><span class='ocrx_word' id='word_1_4' title='bbox 195 328 259 369; x_wconf 92' lang='lat'>11.</span> <span class='ocrx_word' id='word_1_5' title='bbox 292 325 346 368; x_wconf 86' lang='lat' dir='ltr'>E.</span> <span class='ocrx_word' id='word_1_6' title='bbox 380 325 705 367; x_wconf 86' lang='lat' dir='ltr'>obscurum</span> <span class='ocrx_word' id='word_1_7' title='bbox 747 322 946 378; x_wconf 82' lang='lat' dir='ltr'>(Schreb.</span> <span class='ocrx_word' id='word_1_8' title='bbox 987 322 1131 377; x_wconf 88' lang='lat' dir='ltr'>Spieil.</span> <span class='ocrx_word' id='word_1_9' title='bbox 1173 322 1294 377; x_wconf 87' lang='lat' dir='ltr'>Lips.</span> <span class='ocrx_word' id='word_1_10' title='bbox 1340 336 1379 377; x_wconf 90' lang='lat' dir='ltr'>p.</span> <span class='ocrx_word' id='word_1_11' title='bbox 1426 322 1530 378; x_wconf 79' lang='grc'>147)</span> <span class='ocrx_word' id='word_1_12' title='bbox 1568 323 1689 366; x_wconf 89' lang='lat' dir='ltr'>caule</span> <span class='ocrx_word' id='word_1_13' title='bbox 1719 324 1841 366; x_wconf 85' lang='lat' dir='ltr'>facile</span> 
     </span>
     <span class='ocr_line' id='line_1_3' title="bbox 131 382 1839 438; baseline -0.002 -10"><span class='ocrx_word' id='word_1_14' title='bbox 131 395 381 438; x_wconf 89' lang='lat' dir='ltr'>compresso</span> <span class='ocrx_word' id='word_1_15' title='bbox 405 383 571 435; x_wconf 84' lang='lat' dir='ltr'>virgato</span> <span class='ocrx_word' id='word_1_16' title='bbox 594 382 721 424; x_wconf 90' lang='lat' dir='ltr'>lineis</span> <span class='ocrx_word' id='word_1_17' title='bbox 749 383 824 423; x_wconf 93' lang='grc'>4-2</span> <span class='ocrx_word' id='word_1_18' title='bbox 852 382 1047 434; x_wconf 88' lang='lat' dir='ltr'>elevatis,</span> <span class='ocrx_word' id='word_1_19' title='bbox 1074 383 1271 436; x_wconf 77' lang='lat' dir='ltr'>panicula</span> <span class='ocrx_word' id='word_1_20' title='bbox 1297 383 1407 433; x_wconf 79' lang='lat' dir='ltr'>laxa,</span> <span class='ocrx_word' id='word_1_21' title='bbox 1441 382 1555 425; x_wconf 84' lang='lat' dir='ltr'>foliis</span> <span class='ocrx_word' id='word_1_22' title='bbox 1591 383 1839 425; x_wconf 86' lang='lat' dir='ltr'>lanceolatis</span> 
     </span>
     <span class='ocr_line' id='line_1_4' title="bbox 131 441 1839 494; baseline -0.002 -8"><span class='ocrx_word' id='word_1_23' title='bbox 131 457 155 486; x_wconf 89' lang='lat' dir='ltr'>a</span> <span class='ocrx_word' id='word_1_24' title='bbox 181 443 274 486; x_wconf 87' lang='lat' dir='ltr'>basi</span> <span class='ocrx_word' id='word_1_25' title='bbox 299 441 530 485; x_wconf 77' lang='lat' dir='ltr'>rotundata</span> <span class='ocrx_word' id='word_1_26' title='bbox 553 441 716 483; x_wconf 89' lang='lat' dir='ltr'>sensim</span> <span class='ocrx_word' id='word_1_27' title='bbox 740 441 986 494; x_wconf 85' lang='lat' dir='ltr'>angustatis</span> <span class='ocrx_word' id='word_1_28' title='bbox 1014 445 1178 484; x_wconf 88' lang='lat' dir='ltr'>remote</span> <span class='ocrx_word' id='word_1_29' title='bbox 1202 441 1478 483; x_wconf 74' lang='lat' dir='ltr'>denticulatis</span> <span class='ocrx_word' id='word_1_30' title='bbox 1497 441 1728 484; x_wconf 80' lang='lat' dir='ltr'>sessilibus</span> <span class='ocrx_word' id='word_1_31' title='bbox 1752 454 1839 483; x_wconf 91' lang='lat' dir='ltr'>non</span> 
     </span>
     <span class='ocr_line' id='line_1_5' title="bbox 130 500 1837 554; baseline -0.002 -9"><span class='ocrx_word' id='word_1_32' title='bbox 130 500 479 552; x_wconf 80' lang='lat' dir='ltr'>decurrentibus,</span> <span class='ocrx_word' id='word_1_33' title='bbox 504 500 746 542; x_wconf 85' lang='lat' dir='ltr'>stolonibus</span> <span class='ocrx_word' id='word_1_34' title='bbox 770 501 1017 541; x_wconf 87' lang='lat' dir='ltr'>numerosis</span> <span class='ocrx_word' id='word_1_35' title='bbox 1040 501 1159 554; x_wconf 83' lang='lat' dir='ltr'>apice</span> <span class='ocrx_word' id='word_1_36' title='bbox 1183 500 1279 542; x_wconf 89' lang='lat' dir='ltr'>folia</span> <span class='ocrx_word' id='word_1_37' title='bbox 1309 511 1443 553; x_wconf 87' lang='lat' dir='ltr'>pauca</span> <span class='ocrx_word' id='word_1_38' title='bbox 1469 503 1636 542; x_wconf 89' lang='lat' dir='ltr'>remota</span> <span class='ocrx_word' id='word_1_39' title='bbox 1664 500 1837 542; x_wconf 81' lang='lat' dir='ltr'>firmula</span> 
     </span>
     <span class='ocr_line' id='line_1_6' title="bbox 129 558 1841 612; baseline -0.002 -9"><span class='ocrx_word' id='word_1_40' title='bbox 129 560 384 611; x_wconf 86' lang='lat' dir='ltr'>ferentibus,</span> <span class='ocrx_word' id='word_1_41' title='bbox 412 559 594 601; x_wconf 87' lang='lat' dir='ltr'>floribus</span> <span class='ocrx_word' id='word_1_42' title='bbox 622 561 721 600; x_wconf 92' lang='lat' dir='ltr'>ante</span> <span class='ocrx_word' id='word_1_43' title='bbox 750 559 951 600; x_wconf 85' lang='lat' dir='ltr'>antbesin</span> <span class='ocrx_word' id='word_1_44' title='bbox 976 559 1148 611; x_wconf 87' lang='lat' dir='ltr'>erectis,</span> <span class='ocrx_word' id='word_1_45' title='bbox 1178 559 1341 612; x_wconf 84' lang='lat' dir='ltr'>calycis</span> <span class='ocrx_word' id='word_1_46' title='bbox 1376 558 1541 601; x_wconf 87' lang='lat' dir='ltr'>laciniis</span> <span class='ocrx_word' id='word_1_47' title='bbox 1574 559 1841 601; x_wconf 89' lang='lat' dir='ltr'>lineari-lan-</span> 
     </span>
     <span class='ocr_line' id='line_1_7' title="bbox 129 616 1837 671; baseline -0.001 -9"><span class='ocrx_word' id='word_1_48' title='bbox 129 619 303 662; x_wconf 91' lang='lat' dir='ltr'>ceolatis</span> <span class='ocrx_word' id='word_1_49' title='bbox 319 619 469 668; x_wconf 76' lang='lat' dir='ltr'>acutis,</span> <span class='ocrx_word' id='word_1_50' title='bbox 489 617 763 671; x_wconf 78' lang='lat' dir='ltr'>stigmatibus</span> <span class='ocrx_word' id='word_1_51' title='bbox 782 617 971 669; x_wconf 89' lang='lat' dir='ltr'>clavatis,</span> <span class='ocrx_word' id='word_1_52' title='bbox 985 618 1138 671; x_wconf 89' lang='lat' dir='ltr'>petalis</span> <span class='ocrx_word' id='word_1_53' title='bbox 1155 618 1303 671; x_wconf 85' lang='lat' dir='ltr'>parvis</span> <span class='ocrx_word' id='word_1_54' title='bbox 1322 618 1574 671; x_wconf 85' lang='lat' dir='ltr'>purpureis,</span> <span class='ocrx_word' id='word_1_55' title='bbox 1593 616 1837 660; x_wconf 88' lang='lat' dir='ltr'>seminibus</span> 
     </span>
     <span class='ocr_line' id='line_1_8' title="bbox 130 676 1842 720; baseline -0.001 0"><span class='ocrx_word' id='word_1_56' title='bbox 130 678 310 720; x_wconf 85' lang='lat' dir='ltr'>minutis</span> <span class='ocrx_word' id='word_1_57' title='bbox 334 677 526 720; x_wconf 87' lang='lat' dir='ltr'>tenuiter</span> <span class='ocrx_word' id='word_1_58' title='bbox 549 676 833 719; x_wconf 85' lang='lat' dir='ltr'>tuberculatis</span> <span class='ocrx_word' id='word_1_59' title='bbox 862 676 1058 719; x_wconf 83' lang='lat' dir='ltr'>obovatis</span> <span class='ocrx_word' id='word_1_60' title='bbox 1086 676 1179 718; x_wconf 89' lang='lat' dir='ltr'>basi</span> <span class='ocrx_word' id='word_1_61' title='bbox 1211 676 1519 719; x_wconf 76' lang='lat' dir='ltr'>subattenuata</span> <span class='ocrx_word' id='word_1_62' title='bbox 1553 676 1842 719; x_wconf 88' lang='lat' dir='ltr'>acutiusculis</span> 
     </span>
     <span class='ocr_line' id='line_1_9' title="bbox 140 734 1841 789; baseline -0.001 -11"><span class='ocrx_word' id='word_1_63' title='bbox 140 744 177 785; x_wconf 70' lang='lat'>26</span> <span class='ocrx_word' id='word_1_64' title='bbox 222 737 278 779; x_wconf 92' lang='lat' dir='ltr'>Ic.</span> <span class='ocrx_word' id='word_1_65' title='bbox 320 736 453 778; x_wconf 88' lang='lat' dir='ltr'>Rcbb.</span> <span class='ocrx_word' id='word_1_66' title='bbox 490 735 591 778; x_wconf 90' lang='lat' dir='ltr'>Crit.</span> <span class='ocrx_word' id='word_1_67' title='bbox 631 735 685 788; x_wconf 77' lang='lat' dir='ltr'>II,</span> <span class='ocrx_word' id='word_1_68' title='bbox 724 736 801 776; x_wconf 78' lang='grc'>341</span> <span class='ocrx_word' id='word_1_69' title='bbox 842 759 896 765; x_wconf 91' lang='lat'>-—</span> <span class='ocrx_word' id='word_1_70' title='bbox 931 735 979 776; x_wconf 89' lang='lat' dir='ltr'>E.</span> <span class='ocrx_word' id='word_1_71' title='bbox 1015 735 1235 789; x_wconf 63' lang='lat' dir='ltr'>virgatam</span> <span class='ocrx_word' id='word_1_72' title='bbox 1268 735 1391 777; x_wconf 88' lang='lat' dir='ltr'>Fries</span> <span class='ocrx_word' id='word_1_73' title='bbox 1429 734 1570 778; x_wconf 80' lang='lat' dir='ltr'>Novit.</span> <span class='ocrx_word' id='word_1_74' title='bbox 1611 749 1649 789; x_wconf 85' lang='lat' dir='ltr'>p.</span> <span class='ocrx_word' id='word_1_75' title='bbox 1692 736 1772 777; x_wconf 80' lang='lat'>113</span> <span class='ocrx_word' id='word_1_76' title='bbox 1798 739 1841 777; x_wconf 90' lang='lat' dir='ltr'>et</span> 
     </span>
     <span class='ocr_line' id='line_1_10' title="bbox 130 793 1237 849; baseline -0.002 -11"><span class='ocrx_word' id='word_1_77' title='bbox 130 797 258 838; x_wconf 85' lang='lat' dir='ltr'>Auct.</span> <span class='ocrx_word' id='word_1_78' title='bbox 287 795 401 849; x_wconf 89' lang='lat' dir='ltr'>plur.</span> <span class='ocrx_word' id='word_1_79' title='bbox 430 807 509 837; x_wconf 92' lang='lat' dir='ltr'>nee</span> <span class='ocrx_word' id='word_1_80' title='bbox 534 795 657 837; x_wconf 89' lang='lat' dir='ltr'>Fries</span> <span class='ocrx_word' id='word_1_81' title='bbox 681 794 811 836; x_wconf 87' lang='lat' dir='ltr'>Herb.</span> <span class='ocrx_word' id='word_1_82' title='bbox 842 793 990 836; x_wconf 86' lang='lat' dir='ltr'>Norm.</span> <span class='ocrx_word' id='word_1_83' title='bbox 1019 806 1098 836; x_wconf 89' lang='lat' dir='ltr'>nec</span> <span class='ocrx_word' id='word_1_84' title='bbox 1120 794 1237 836; x_wconf 88' lang='lat' dir='ltr'>Lam.</span> 
     </span>
    </p>

    <p class='ocr_par' dir='ltr' id='par_1_3' title="bbox 129 866 1843 953">
     <span class='ocr_line' id='line_1_11' title="bbox 177 866 1843 951; baseline -0.001 -46"><span class='ocrx_word' id='word_1_85' title='bbox 177 869 277 905; x_wconf 90' lang='lat' dir='ltr'>Hab.</span> <span class='ocrx_word' id='word_1_86' title='bbox 291 869 332 904; x_wconf 90' lang='lat' dir='ltr'>in</span> <span class='ocrx_word' id='word_1_87' title='bbox 347 868 521 951; x_wconf 48' lang='lat' dir='ltr'>hugnidis</span> <span class='ocrx_word' id='word_1_88' title='bbox 540 879 650 915; x_wconf 87' lang='lat' dir='ltr'>prov.</span> <span class='ocrx_word' id='word_1_89' title='bbox 670 868 970 903; x_wconf 85' lang='lat' dir='ltr'>Caucasicarum</span> <span class='ocrx_word' id='word_1_90' title='bbox 989 868 1030 904; x_wconf 88' lang='lat' dir='ltr'>in</span> <span class='ocrx_word' id='word_1_91' title='bbox 1048 868 1234 903; x_wconf 80' lang='lat' dir='ltr'>Armenia</span> <span class='ocrx_word' id='word_1_92' title='bbox 1248 867 1305 913; x_wconf 62' lang='lat' dir='ltr'>(C.</span> <span class='ocrx_word' id='word_1_93' title='bbox 1326 866 1435 903; x_wconf 85' lang='lat' dir='ltr'>Koch</span> <span class='ocrx_word' id='word_1_94' title='bbox 1454 878 1501 904; x_wconf 81' lang='lat' dir='ltr'>ex</span> <span class='ocrx_word' id='word_1_95' title='bbox 1520 867 1691 912; x_wconf 88' lang='lat' dir='ltr'>Ledeb.).</span> <span class='ocrx_word' id='word_1_96' title='bbox 1707 868 1767 903; x_wconf 82' lang='lat' dir='ltr'>Ex</span> <span class='ocrx_word' id='word_1_97' title='bbox 1785 868 1843 904; x_wconf 91' lang='lat' dir='ltr'>di-</span> 
     </span>
     <span class='ocr_line' id='line_1_12' title="bbox 129 917 446 953; baseline -0.006 -1"><span class='ocrx_word' id='word_1_98' title='bbox 129 918 236 953; x_wconf 86' lang='lat' dir='ltr'>tione</span> <span class='ocrx_word' id='word_1_99' title='bbox 254 927 332 952; x_wconf 90' lang='lat' dir='ltr'>non</span> <span class='ocrx_word' id='word_1_100' title='bbox 354 917 392 950; x_wconf 90' lang='lat' dir='ltr'>vi</span> <span class='ocrx_word' id='word_1_101' title='bbox 423 917 446 951; x_wconf 90' lang='lat' dir='ltr'>i.</span> 
     </span>
    </p>
   </div>
   <div class='ocr_carea' id='block_1_3' title="bbox 175 980 1841 1028">
    <p class='ocr_par' dir='ltr' id='par_1_4' title="bbox 175 980 1841 1028">
     <span class='ocr_line' id='line_1_13' title="bbox 175 980 1841 1028; baseline -0.001 -10"><span class='ocrx_word' id='word_1_102' title='bbox 175 982 238 1018; x_wconf 74' lang='lat' dir='ltr'>Ar.</span> <span class='ocrx_word' id='word_1_103' title='bbox 268 981 401 1028; x_wconf 75' lang='lat' dir='ltr'>Geoqr.</span> <span class='ocrx_word' id='word_1_104' title='bbox 431 981 572 1026; x_wconf 91' lang='lat' dir='ltr'>Dania,</span> <span class='ocrx_word' id='word_1_105' title='bbox 586 980 743 1025; x_wconf 84' lang='lat' dir='ltr'>Gothia,</span> <span class='ocrx_word' id='word_1_106' title='bbox 762 980 919 1026; x_wconf 83' lang='lat' dir='ltr'>Anglia,</span> <span class='ocrx_word' id='word_1_107' title='bbox 937 980 1080 1024; x_wconf 86' lang='lat' dir='ltr'>Gallia,</span> <span class='ocrx_word' id='word_1_108' title='bbox 1095 980 1311 1017; x_wconf 82' lang='lat' dir='ltr'>Germania</span> <span class='ocrx_word' id='word_1_109' title='bbox 1330 980 1513 1026; x_wconf 88' lang='lat' dir='ltr'>borealis,</span> <span class='ocrx_word' id='word_1_110' title='bbox 1531 980 1673 1016; x_wconf 83' lang='lat' dir='ltr'>Rossia</span> <span class='ocrx_word' id='word_1_111' title='bbox 1699 981 1841 1016; x_wconf 83' lang='lat' dir='ltr'>media.</span> 
     </span>
    </p>
   </div>
   <div class='ocr_carea' id='block_1_4' title="bbox 126 1135 1844 1656">
    <p class='ocr_par' dir='ltr' id='par_1_5' title="bbox 126 1135 1844 1656">
     <span class='ocr_line' id='line_1_14' title="bbox 193 1135 1839 1191; baseline -0.001 -11"><span class='ocrx_word' id='word_1_112' title='bbox 193 1140 255 1180; x_wconf 90' lang='grc'>12.</span> <span class='ocrx_word' id='word_1_113' title='bbox 290 1137 344 1181; x_wconf 84' lang='grc' dir='ltr'><strong>Ε.</strong></span> <span class='ocrx_word' id='word_1_114' title='bbox 373 1147 614 1180; x_wconf 80' lang='lat' dir='ltr'>roseum</span> <span class='ocrx_word' id='word_1_115' title='bbox 656 1136 853 1191; x_wconf 85' lang='lat' dir='ltr'>(Schreb.</span> <span class='ocrx_word' id='word_1_116' title='bbox 902 1136 1017 1191; x_wconf 86' lang='lat' dir='ltr'>Spic.</span> <span class='ocrx_word' id='word_1_117' title='bbox 1065 1135 1181 1190; x_wconf 89' lang='lat' dir='ltr'>Lips.</span> <span class='ocrx_word' id='word_1_118' title='bbox 1229 1136 1331 1189; x_wconf 82' lang='grc'>147)</span> <span class='ocrx_word' id='word_1_119' title='bbox 1371 1137 1494 1178; x_wconf 90' lang='lat' dir='ltr'>caule</span> <span class='ocrx_word' id='word_1_120' title='bbox 1538 1136 1839 1179; x_wconf 75' lang='lat' dir='ltr'>ramosissimo</span> 
     </span>
     <span class='ocr_line' id='line_1_15' title="bbox 128 1195 1844 1249; baseline 0 -10"><span class='ocrx_word' id='word_1_121' title='bbox 128 1197 256 1240; x_wconf 90' lang='lat' dir='ltr'>lineis</span> <span class='ocrx_word' id='word_1_122' title='bbox 281 1198 355 1239; x_wconf 91' lang='grc'>4-2</span> <span class='ocrx_word' id='word_1_123' title='bbox 381 1197 573 1247; x_wconf 87' lang='lat' dir='ltr'>elevatis,</span> <span class='ocrx_word' id='word_1_124' title='bbox 591 1196 704 1238; x_wconf 87' lang='lat' dir='ltr'>foliis</span> <span class='ocrx_word' id='word_1_125' title='bbox 728 1195 943 1249; x_wconf 87' lang='lat' dir='ltr'>petiolatis</span> <span class='ocrx_word' id='word_1_126' title='bbox 967 1195 1163 1249; x_wconf 82' lang='lat' dir='ltr'>oblongis</span> <span class='ocrx_word' id='word_1_127' title='bbox 1182 1195 1390 1249; x_wconf 81' lang='lat' dir='ltr'>utrinque</span> <span class='ocrx_word' id='word_1_128' title='bbox 1408 1196 1546 1238; x_wconf 89' lang='lat' dir='ltr'>acutis</span> <span class='ocrx_word' id='word_1_129' title='bbox 1563 1195 1844 1249; x_wconf 84' lang='lat' dir='ltr'>inaequaliter</span> 
     </span>
     <span class='ocr_line' id='line_1_16' title="bbox 128 1253 1840 1309; baseline -0.001 -11"><span class='ocrx_word' id='word_1_130' title='bbox 128 1255 594 1298; x_wconf 87' lang='lat' dir='ltr'>denticulato-serratis</span> <span class='ocrx_word' id='word_1_131' title='bbox 622 1255 675 1296; x_wconf 90' lang='lat' dir='ltr'>ad</span> <span class='ocrx_word' id='word_1_132' title='bbox 702 1255 941 1307; x_wconf 80' lang='lat' dir='ltr'>marginem</span> <span class='ocrx_word' id='word_1_133' title='bbox 966 1259 1009 1297; x_wconf 93' lang='lat' dir='ltr'>et</span> <span class='ocrx_word' id='word_1_134' title='bbox 1034 1266 1168 1296; x_wconf 87' lang='lat' dir='ltr'>venas</span> <span class='ocrx_word' id='word_1_135' title='bbox 1198 1253 1428 1308; x_wconf 87' lang='lat' dir='ltr'>puberulis</span> <span class='ocrx_word' id='word_1_136' title='bbox 1456 1254 1739 1297; x_wconf 86' lang='lat' dir='ltr'>inferioribus</span> <span class='ocrx_word' id='word_1_137' title='bbox 1765 1267 1840 1309; x_wconf 92' lang='lat' dir='ltr'>op-</span> 
     </span>
     <span class='ocr_line' id='line_1_17' title="bbox 128 1313 1842 1368; baseline 0.001 -11"><span class='ocrx_word' id='word_1_138' title='bbox 128 1315 282 1368; x_wconf 88' lang='lat' dir='ltr'>positis</span> <span class='ocrx_word' id='word_1_139' title='bbox 319 1315 569 1357; x_wconf 88' lang='lat' dir='ltr'>rosularum</span> <span class='ocrx_word' id='word_1_140' title='bbox 596 1314 913 1356; x_wconf 82' lang='lat' dir='ltr'>autumnalium</span> <span class='ocrx_word' id='word_1_141' title='bbox 950 1314 1163 1366; x_wconf 88' lang='lat' dir='ltr'>firmulis,</span> <span class='ocrx_word' id='word_1_142' title='bbox 1204 1313 1436 1356; x_wconf 82' lang='lat' dir='ltr'>alabastris</span> <span class='ocrx_word' id='word_1_143' title='bbox 1473 1314 1612 1357; x_wconf 88' lang='lat' dir='ltr'>ovatis</span> <span class='ocrx_word' id='word_1_144' title='bbox 1653 1313 1842 1368; x_wconf 84' lang='lat' dir='ltr'>abrupte</span> 
     </span>
     <span class='ocr_line' id='line_1_18' title="bbox 126 1372 1841 1426; baseline 0 -10"><span class='ocrx_word' id='word_1_145' title='bbox 126 1374 396 1424; x_wconf 69' lang='lat' dir='ltr'>acuminatis,</span> <span class='ocrx_word' id='word_1_146' title='bbox 407 1373 589 1415; x_wconf 85' lang='lat' dir='ltr'>floribus</span> <span class='ocrx_word' id='word_1_147' title='bbox 604 1373 749 1423; x_wconf 76' lang='lat' dir='ltr'>parvis</span> <span class='ocrx_word' id='word_1_148' title='bbox 764 1375 864 1415; x_wconf 89' lang='lat' dir='ltr'>ante</span> <span class='ocrx_word' id='word_1_149' title='bbox 878 1374 1079 1415; x_wconf 85' lang='lat' dir='ltr'>anthesin</span> <span class='ocrx_word' id='word_1_150' title='bbox 1089 1373 1258 1415; x_wconf 88' lang='lat' dir='ltr'>carneis</span> <span class='ocrx_word' id='word_1_151' title='bbox 1273 1373 1449 1414; x_wconf 83' lang='lat' dir='ltr'>tandem</span> <span class='ocrx_word' id='word_1_152' title='bbox 1465 1373 1622 1424; x_wconf 87' lang='lat' dir='ltr'>roseis,</span> <span class='ocrx_word' id='word_1_153' title='bbox 1637 1372 1841 1426; x_wconf 83' lang='lat' dir='ltr'>stigmate</span> 
     </span>
     <span class='ocr_line' id='line_1_19' title="bbox 128 1431 1843 1486; baseline 0 -12"><span class='ocrx_word' id='word_1_154' title='bbox 128 1433 306 1486; x_wconf 89' lang='lat' dir='ltr'>clavato,</span> <span class='ocrx_word' id='word_1_155' title='bbox 333 1432 573 1475; x_wconf 88' lang='lat' dir='ltr'>seminibus</span> <span class='ocrx_word' id='word_1_156' title='bbox 601 1431 757 1474; x_wconf 91' lang='lat' dir='ltr'>lucidis</span> <span class='ocrx_word' id='word_1_157' title='bbox 783 1432 1047 1475; x_wconf 84' lang='lat' dir='ltr'>laeviusculis</span> <span class='ocrx_word' id='word_1_158' title='bbox 1066 1431 1469 1485; x_wconf 82' lang='lat' dir='ltr'>obovato-oblongis</span> <span class='ocrx_word' id='word_1_159' title='bbox 1487 1432 1579 1474; x_wconf 88' lang='lat' dir='ltr'>basi</span> <span class='ocrx_word' id='word_1_160' title='bbox 1600 1433 1843 1475; x_wconf 85' lang='lat' dir='ltr'>attenuatis</span> 
     </span>
     <span class='ocr_line' id='line_1_20' title="bbox 128 1490 1834 1545; baseline -0.002 -11"><span class='ocrx_word' id='word_1_161' title='bbox 128 1492 297 1534; x_wconf 91' lang='lat' dir='ltr'>obtusis</span> <span class='ocrx_word' id='word_1_162' title='bbox 333 1498 370 1539; x_wconf 71' lang='lat'>‘36</span> <span class='ocrx_word' id='word_1_163' title='bbox 402 1491 456 1533; x_wconf 91' lang='lat' dir='ltr'>Ic.</span> <span class='ocrx_word' id='word_1_164' title='bbox 477 1490 613 1533; x_wconf 85' lang='lat' dir='ltr'>Rcbb.</span> <span class='ocrx_word' id='word_1_165' title='bbox 643 1491 695 1541; x_wconf 88' lang='lat' dir='ltr'>II,</span> <span class='ocrx_word' id='word_1_166' title='bbox 723 1490 794 1533; x_wconf 89' lang='lat' dir='ltr'>tab</span> <span class='ocrx_word' id='word_1_167' title='bbox 837 1493 930 1534; x_wconf 80' lang='lat'>190.</span> <span class='ocrx_word' id='word_1_168' title='bbox 968 1517 1012 1522; x_wconf 92' lang='lat'>—</span> <span class='ocrx_word' id='word_1_169' title='bbox 1037 1491 1085 1533; x_wconf 91' lang='grc' dir='ltr'>Ε.</span> <span class='ocrx_word' id='word_1_170' title='bbox 1102 1502 1399 1543; x_wconf 74' lang='lat' dir='ltr'>yemmascens</span> <span class='ocrx_word' id='word_1_171' title='bbox 1418 1490 1518 1533; x_wconf 90' lang='lat' dir='ltr'>C.A.</span> <span class='ocrx_word' id='word_1_172' title='bbox 1542 1491 1651 1545; x_wconf 86' lang='lat' dir='ltr'>Mey.</span> <span class='ocrx_word' id='word_1_173' title='bbox 1677 1491 1834 1533; x_wconf 88' lang='lat' dir='ltr'>Enum.</span> 
     </span>
     <span class='ocr_line' id='line_1_21' title="bbox 128 1550 1839 1605; baseline 0.001 -13"><span class='ocrx_word' id='word_1_174' title='bbox 128 1563 170 1604; x_wconf 90' lang='lat' dir='ltr'>p.</span> <span class='ocrx_word' id='word_1_175' title='bbox 204 1552 283 1593; x_wconf 80' lang='lat'>173</span> <span class='ocrx_word' id='word_1_176' title='bbox 307 1554 349 1593; x_wconf 93' lang='lat' dir='ltr'>et</span> <span class='ocrx_word' id='word_1_177' title='bbox 370 1550 503 1592; x_wconf 75' lang='lat' dir='ltr'>herb!</span> <span class='ocrx_word' id='word_1_178' title='bbox 528 1550 685 1605; x_wconf 87' lang='lat' dir='ltr'>(forma</span> <span class='ocrx_word' id='word_1_179' title='bbox 709 1562 763 1593; x_wconf 88' lang='lat' dir='ltr'>ex</span> <span class='ocrx_word' id='word_1_180' title='bbox 786 1550 1101 1593; x_wconf 87' lang='lat' dir='ltr'>humidissimis</span> <span class='ocrx_word' id='word_1_181' title='bbox 1127 1562 1319 1604; x_wconf 82' lang='lat' dir='ltr'>gemmas</span> <span class='ocrx_word' id='word_1_182' title='bbox 1344 1550 1630 1593; x_wconf 88' lang='lat' dir='ltr'>bulbil&#39;ormes</span> <span class='ocrx_word' id='word_1_183' title='bbox 1654 1562 1708 1592; x_wconf 83' lang='lat' dir='ltr'>ex</span> <span class='ocrx_word' id='word_1_184' title='bbox 1733 1551 1839 1593; x_wconf 84' lang='lat' dir='ltr'>axil-</span> 
     </span>
     <span class='ocr_line' id='line_1_22' title="bbox 128 1610 399 1656; baseline -0.004 -5"><span class='ocrx_word' id='word_1_185' title='bbox 128 1610 181 1652; x_wconf 91' lang='lat' dir='ltr'>lis</span> <span class='ocrx_word' id='word_1_186' title='bbox 208 1610 399 1656; x_wconf 69' lang='lat' dir='ltr'>edensll.</span> 
     </span>
    </p>
   </div>
   <div class='ocr_carea' id='block_1_5' title="bbox 126 1684 1841 2018">
    <p class='ocr_par' dir='ltr' id='par_1_6' title="bbox 126 1684 1841 1827">
     <span class='ocr_line' id='line_1_23' title="bbox 174 1684 1834 1731; baseline 0.001 -11"><span class='ocrx_word' id='word_1_187' title='bbox 174 1684 274 1720; x_wconf 87' lang='lat' dir='ltr'>Hab.</span> <span class='ocrx_word' id='word_1_188' title='bbox 293 1685 344 1720; x_wconf 86' lang='lat' dir='ltr'>ad</span> <span class='ocrx_word' id='word_1_189' title='bbox 360 1685 487 1720; x_wconf 84' lang='lat' dir='ltr'>fossas</span> <span class='ocrx_word' id='word_1_190' title='bbox 506 1687 543 1720; x_wconf 88' lang='lat' dir='ltr'>et</span> <span class='ocrx_word' id='word_1_191' title='bbox 560 1684 724 1728; x_wconf 85' lang='lat' dir='ltr'>rivulos,</span> <span class='ocrx_word' id='word_1_192' title='bbox 741 1684 892 1720; x_wconf 81' lang='lat' dir='ltr'>Graecia</span> <span class='ocrx_word' id='word_1_193' title='bbox 910 1685 949 1720; x_wconf 89' lang='lat' dir='ltr'>in</span> <span class='ocrx_word' id='word_1_194' title='bbox 969 1685 1127 1730; x_wconf 84' lang='lat' dir='ltr'>regione</span> <span class='ocrx_word' id='word_1_195' title='bbox 1149 1684 1321 1720; x_wconf 77' lang='lat' dir='ltr'>abietina</span> <span class='ocrx_word' id='word_1_196' title='bbox 1338 1684 1523 1719; x_wconf 79' lang='lat' dir='ltr'>Parnassi</span> <span class='ocrx_word' id='word_1_197' title='bbox 1541 1684 1731 1731; x_wconf 78' lang='lat' dir='ltr'>(Heldrl),</span> <span class='ocrx_word' id='word_1_198' title='bbox 1749 1685 1834 1721; x_wconf 89' lang='lat' dir='ltr'>Ma-</span> 
     </span>
     <span class='ocr_line' id='line_1_24' title="bbox 126 1731 1841 1778; baseline 0.002 -12"><span class='ocrx_word' id='word_1_199' title='bbox 126 1733 288 1767; x_wconf 81' lang='lat' dir='ltr'>cedonia</span> <span class='ocrx_word' id='word_1_200' title='bbox 306 1732 475 1768; x_wconf 86' lang='lat' dir='ltr'>borealis</span> <span class='ocrx_word' id='word_1_201' title='bbox 493 1731 693 1777; x_wconf 88' lang='lat' dir='ltr'>(Griseb.),</span> <span class='ocrx_word' id='word_1_202' title='bbox 723 1733 922 1767; x_wconf 82' lang='lat' dir='ltr'>Caucasus</span> <span class='ocrx_word' id='word_1_203' title='bbox 939 1734 978 1768; x_wconf 88' lang='lat' dir='ltr'>et</span> <span class='ocrx_word' id='word_1_204' title='bbox 994 1741 1104 1778; x_wconf 87' lang='lat' dir='ltr'>prov.</span> <span class='ocrx_word' id='word_1_205' title='bbox 1123 1732 1462 1768; x_wconf 82' lang='lat' dir='ltr'>Transeaucasicae</span> <span class='ocrx_word' id='word_1_206' title='bbox 1492 1732 1680 1778; x_wconf 87' lang='lat' dir='ltr'>(Ledeb.)‚</span> <span class='ocrx_word' id='word_1_207' title='bbox 1705 1733 1746 1768; x_wconf 93' lang='lat' dir='ltr'>in</span> <span class='ocrx_word' id='word_1_208' title='bbox 1774 1733 1841 1770; x_wconf 86' lang='lat' dir='ltr'>Li-</span> 
     </span>
     <span class='ocr_line' id='line_1_25' title="bbox 127 1778 678 1827; baseline -0.002 -12"><span class='ocrx_word' id='word_1_209' title='bbox 127 1778 231 1815; x_wconf 87' lang='lat' dir='ltr'>bano</span> <span class='ocrx_word' id='word_1_210' title='bbox 249 1790 370 1827; x_wconf 90' lang='lat' dir='ltr'>prope</span> <span class='ocrx_word' id='word_1_211' title='bbox 389 1780 549 1815; x_wconf 87' lang='lat' dir='ltr'>Hasrun</span> <span class='ocrx_word' id='word_1_212' title='bbox 567 1779 678 1824; x_wconf 71' lang='lat' dir='ltr'>(Bu).</span> 
     </span>
    </p>

    <p class='ocr_par' dir='ltr' id='par_1_7' title="bbox 126 1843 1841 2018">
     <span class='ocr_line' id='line_1_26' title="bbox 184 1843 1841 1899; baseline 0.002 -13"><span class='ocrx_word' id='word_1_213' title='bbox 184 1844 228 1897; x_wconf 80' lang='grc' dir='ltr'><strong>β.</strong></span> <span class='ocrx_word' id='word_1_214' title='bbox 253 1843 498 1887; x_wconf 69' lang='lat' dir='ltr'>subeas-sile.</span> <span class='ocrx_word' id='word_1_215' title='bbox 525 1868 581 1876; x_wconf 92' lang='lat'><strong>—</strong></span> <span class='ocrx_word' id='word_1_216' title='bbox 608 1844 726 1887; x_wconf 87' lang='lat' dir='ltr'>Folia</span> <span class='ocrx_word' id='word_1_217' title='bbox 752 1845 934 1887; x_wconf 87' lang='lat' dir='ltr'>brevius</span> <span class='ocrx_word' id='word_1_218' title='bbox 961 1845 1163 1899; x_wconf 88' lang='lat' dir='ltr'>petiolata</span> <span class='ocrx_word' id='word_1_219' title='bbox 1195 1845 1359 1888; x_wconf 87' lang='lat' dir='ltr'>latiora.</span> <span class='ocrx_word' id='word_1_220' title='bbox 1394 1845 1624 1898; x_wconf 88' lang='lat' dir='ltr'>superiora</span> <span class='ocrx_word' id='word_1_221' title='bbox 1659 1846 1841 1889; x_wconf 91' lang='lat' dir='ltr'>subses-</span> 
     </span>
     <span class='ocr_line' id='line_1_27' title="bbox 126 1903 1838 1959; baseline 0.001 -13"><span class='ocrx_word' id='word_1_222' title='bbox 126 1903 234 1946; x_wconf 90' lang='lat' dir='ltr'>silia.</span> <span class='ocrx_word' id='word_1_223' title='bbox 263 1904 413 1946; x_wconf 86' lang='lat' dir='ltr'>Planta</span> <span class='ocrx_word' id='word_1_224' title='bbox 436 1905 682 1958; x_wconf 84' lang='lat' dir='ltr'>praesertim</span> <span class='ocrx_word' id='word_1_225' title='bbox 709 1916 902 1958; x_wconf 86' lang='lat' dir='ltr'>superne</span> <span class='ocrx_word' id='word_1_226' title='bbox 929 1904 1110 1947; x_wconf 88' lang='lat' dir='ltr'>densius</span> <span class='ocrx_word' id='word_1_227' title='bbox 1128 1916 1377 1947; x_wconf 85' lang='lat' dir='ltr'>canescens.</span> <span class='ocrx_word' id='word_1_228' title='bbox 1407 1928 1460 1934; x_wconf 82' lang='lat'>—-</span> <span class='ocrx_word' id='word_1_229' title='bbox 1482 1904 1532 1946; x_wconf 88' lang='lat' dir='ltr'>E.</span> <span class='ocrx_word' id='word_1_230' title='bbox 1557 1904 1838 1959; x_wconf 73' lang='lat' dir='ltr'>Smyrmrum</span> 
     </span>
     <span class='ocr_line' id='line_1_28' title="bbox 126 1962 1836 2018; baseline 0.001 -13"><span class='ocrx_word' id='word_1_231' title='bbox 126 1963 266 2007; x_wconf 86' lang='lat' dir='ltr'>Boiss.</span> <span class='ocrx_word' id='word_1_232' title='bbox 292 1963 441 2017; x_wconf 84' lang='lat' dir='ltr'>Diagn.</span> <span class='ocrx_word' id='word_1_233' title='bbox 472 1963 564 2006; x_wconf 88' lang='lat' dir='ltr'>Ser.</span> <span class='ocrx_word' id='word_1_234' title='bbox 594 1963 648 2016; x_wconf 83' lang='lat' dir='ltr'>Il,</span> <span class='ocrx_word' id='word_1_235' title='bbox 676 1965 714 2013; x_wconf 75' lang='grc'>2,</span> <span class='ocrx_word' id='word_1_236' title='bbox 742 1976 779 2018; x_wconf 90' lang='lat' dir='ltr'>p.</span> <span class='ocrx_word' id='word_1_237' title='bbox 807 1964 878 2006; x_wconf 81' lang='grc'>52.</span> <span class='ocrx_word' id='word_1_238' title='bbox 906 1987 963 1993; x_wconf 90' lang='lat'>-—</span> <span class='ocrx_word' id='word_1_239' title='bbox 983 1962 1032 2005; x_wconf 88' lang='lat' dir='ltr'>E.</span> <span class='ocrx_word' id='word_1_240' title='bbox 1058 1975 1297 2006; x_wconf 74' lang='lat' dir='ltr'>nervos-nm</span> <span class='ocrx_word' id='word_1_241' title='bbox 1318 1963 1457 2006; x_wconf 89' lang='lat' dir='ltr'>Boiss.</span> <span class='ocrx_word' id='word_1_242' title='bbox 1479 1967 1523 2005; x_wconf 92' lang='lat' dir='ltr'>et</span> <span class='ocrx_word' id='word_1_243' title='bbox 1545 1963 1692 2006; x_wconf 76' lang='lat' dir='ltr'>Bulise</span> <span class='ocrx_word' id='word_1_244' title='bbox 1712 1964 1836 2007; x_wconf 86' lang='lat' dir='ltr'>Aufz.</span> 
     </span>
    </p>
   </div>
   <div class='ocr_carea' id='block_1_6' title="bbox 127 2024 268 2077">
    <p class='ocr_par' dir='ltr' id='par_1_8' title="bbox 127 2024 268 2077">
     <span class='ocr_line' id='line_1_29' title="bbox 127 2024 268 2077; baseline 0.007 -14"><span class='ocrx_word' id='word_1_245' title='bbox 127 2035 167 2077; x_wconf 88' lang='lat' dir='ltr'>p.</span> <span class='ocrx_word' id='word_1_246' title='bbox 195 2024 268 2066; x_wconf 89' lang='lat'>88.</span> 
     </span>
    </p>
   </div>
   <div class='ocr_carea' id='block_1_7' title="bbox 125 2095 1842 2284">
    <p class='ocr_par' dir='ltr' id='par_1_9' title="bbox 125 2095 1842 2284">
     <span class='ocr_line' id='line_1_30' title="bbox 173 2095 1842 2142; baseline 0.002 -11"><span class='ocrx_word' id='word_1_247' title='bbox 173 2096 273 2131; x_wconf 80' lang='lat' dir='ltr'>Hal).</span> <span class='ocrx_word' id='word_1_248' title='bbox 297 2096 396 2132; x_wconf 87' lang='lat' dir='ltr'>eirea</span> <span class='ocrx_word' id='word_1_249' title='bbox 414 2095 625 2142; x_wconf 84' lang='lat' dir='ltr'>Smyrnam</span> <span class='ocrx_word' id='word_1_250' title='bbox 643 2099 680 2133; x_wconf 88' lang='lat' dir='ltr'>et</span> <span class='ocrx_word' id='word_1_251' title='bbox 698 2097 738 2133; x_wconf 94' lang='lat' dir='ltr'>in</span> <span class='ocrx_word' id='word_1_252' title='bbox 756 2099 888 2133; x_wconf 88' lang='lat' dir='ltr'>monte</span> <span class='ocrx_word' id='word_1_253' title='bbox 906 2096 1047 2133; x_wconf 90' lang='lat' dir='ltr'>Tmolo</span> <span class='ocrx_word' id='word_1_254' title='bbox 1058 2096 1196 2142; x_wconf 87' lang='lat' dir='ltr'>Lydiae</span> <span class='ocrx_word' id='word_1_255' title='bbox 1210 2096 1299 2141; x_wconf 85' lang='lat' dir='ltr'>(Bal</span> <span class='ocrx_word' id='word_1_256' title='bbox 1314 2098 1353 2141; x_wconf 69' lang='grc' dir='ltr'>ἔ),</span> <span class='ocrx_word' id='word_1_257' title='bbox 1376 2097 1503 2133; x_wconf 87' lang='lat' dir='ltr'>Ponto</span> <span class='ocrx_word' id='word_1_258' title='bbox 1514 2097 1657 2133; x_wconf 88' lang='lat' dir='ltr'>Lazico</span> <span class='ocrx_word' id='word_1_259' title='bbox 1675 2099 1715 2133; x_wconf 92' lang='lat' dir='ltr'>in</span> <span class='ocrx_word' id='word_1_260' title='bbox 1733 2098 1842 2135; x_wconf 86' lang='lat' dir='ltr'>valle</span> 
     </span>
     <span class='ocr_line' id='line_1_31' title="bbox 126 2142 1838 2191; baseline 0.002 -13"><span class='ocrx_word' id='word_1_261' title='bbox 126 2142 263 2189; x_wconf 87' lang='lat' dir='ltr'>Djimil</span> <span class='ocrx_word' id='word_1_262' title='bbox 278 2143 377 2187; x_wconf 81' lang='lat' dir='ltr'>(Bal.</span> <span class='ocrx_word' id='word_1_263' title='bbox 401 2154 480 2178; x_wconf 87' lang='lat' dir='ltr'>exs.</span> <span class='ocrx_word' id='word_1_264' title='bbox 500 2145 574 2180; x_wconf 84' lang='lat' dir='ltr'>sub</span> <span class='ocrx_word' id='word_1_265' title='bbox 595 2144 637 2180; x_wconf 86' lang='grc' dir='ltr'>Ε.</span> <span class='ocrx_word' id='word_1_266' title='bbox 658 2145 821 2190; x_wconf 67' lang='lat' dir='ltr'>alqido),</span> <span class='ocrx_word' id='word_1_267' title='bbox 839 2145 879 2180; x_wconf 87' lang='lat' dir='ltr'>in</span> <span class='ocrx_word' id='word_1_268' title='bbox 904 2144 1055 2180; x_wconf 87' lang='lat' dir='ltr'>Libano</span> <span class='ocrx_word' id='word_1_269' title='bbox 1073 2154 1194 2191; x_wconf 84' lang='lat' dir='ltr'>supra</span> <span class='ocrx_word' id='word_1_270' title='bbox 1213 2144 1373 2179; x_wconf 79' lang='lat' dir='ltr'>Dim-am</span> <span class='ocrx_word' id='word_1_271' title='bbox 1392 2144 1502 2188; x_wconf 71' lang='grc' dir='ltr'>(ΒΗ),</span> <span class='ocrx_word' id='word_1_272' title='bbox 1524 2146 1660 2180; x_wconf 62' lang='lat' dir='ltr'>monte</span> <span class='ocrx_word' id='word_1_273' title='bbox 1679 2145 1838 2183; x_wconf 83' lang='lat' dir='ltr'>Sehahu</span> 
     </span>
     <span class='ocr_line' id='line_1_32' title="bbox 126 2189 1842 2239; baseline 0.002 -15"><span class='ocrx_word' id='word_1_274' title='bbox 126 2189 392 2225; x_wconf 80' lang='lat' dir='ltr'>Kurdistaniae</span> <span class='ocrx_word' id='word_1_275' title='bbox 410 2191 635 2236; x_wconf 74' lang='lat' dir='ltr'>(Hausskl),</span> <span class='ocrx_word' id='word_1_276' title='bbox 654 2193 789 2228; x_wconf 77' lang='lat' dir='ltr'>Persia</span> <span class='ocrx_word' id='word_1_277' title='bbox 807 2192 954 2228; x_wconf 83' lang='lat' dir='ltr'>boreali</span> <span class='ocrx_word' id='word_1_278' title='bbox 979 2192 1030 2227; x_wconf 86' lang='lat' dir='ltr'>ad</span> <span class='ocrx_word' id='word_1_279' title='bbox 1049 2191 1305 2227; x_wconf 84' lang='lat' dir='ltr'>Neniedabad</span> <span class='ocrx_word' id='word_1_280' title='bbox 1322 2201 1443 2238; x_wconf 78' lang='lat' dir='ltr'>prope</span> <span class='ocrx_word' id='word_1_281' title='bbox 1462 2192 1611 2227; x_wconf 86' lang='lat' dir='ltr'>Tabris</span> <span class='ocrx_word' id='word_1_282' title='bbox 1638 2193 1789 2237; x_wconf 79' lang='lat' dir='ltr'>(Buhse</span> <span class='ocrx_word' id='word_1_283' title='bbox 1801 2195 1842 2239; x_wconf 69' lang='grc' dir='ltr'>ἱ),</span> 
     </span>
     <span class='ocr_line' id='line_1_33' title="bbox 125 2237 698 2284; baseline 0.003 -12"><span class='ocrx_word' id='word_1_284' title='bbox 125 2237 166 2272; x_wconf 90' lang='lat' dir='ltr'>in</span> <span class='ocrx_word' id='word_1_285' title='bbox 184 2248 304 2283; x_wconf 84' lang='lat' dir='ltr'>regno</span> <span class='ocrx_word' id='word_1_286' title='bbox 325 2237 513 2274; x_wconf 87' lang='lat' dir='ltr'>Cabulieo</span> <span class='ocrx_word' id='word_1_287' title='bbox 532 2239 655 2284; x_wconf 83' lang='lat' dir='ltr'>(Griff</span> <span class='ocrx_word' id='word_1_288' title='bbox 663 2241 698 2284; x_wconf 84' lang='lat' dir='ltr'>l).</span> 
     </span>
    </p>
   </div>
   <div class='ocr_carea' id='block_1_8' title="bbox 126 2301 1837 2393">
    <p class='ocr_par' dir='ltr' id='par_1_10' title="bbox 126 2301 1837 2393">
     <span class='ocr_line' id='line_1_34' title="bbox 126 2301 1837 2384; baseline 0.002 -48"><span class='ocrx_word' id='word_1_289' title='bbox 126 2302 231 2382; x_wconf 48' lang='lat' dir='ltr'>dssr.</span> <span class='ocrx_word' id='word_1_290' title='bbox 259 2302 390 2384; x_wconf 51' lang='grc' dir='ltr'>(ἔρξῃς.</span> <span class='ocrx_word' id='word_1_291' title='bbox 420 2302 579 2350; x_wconf 84' lang='lat' dir='ltr'>Europa</span> <span class='ocrx_word' id='word_1_292' title='bbox 602 2303 772 2339; x_wconf 85' lang='lat' dir='ltr'>borealis</span> <span class='ocrx_word' id='word_1_293' title='bbox 790 2305 829 2339; x_wconf 85' lang='lat' dir='ltr'>et</span> <span class='ocrx_word' id='word_1_294' title='bbox 844 2303 975 2339; x_wconf 87' lang='lat' dir='ltr'>media</span> <span class='ocrx_word' id='word_1_295' title='bbox 995 2314 1018 2339; x_wconf 87' lang='lat' dir='ltr'>a</span> <span class='ocrx_word' id='word_1_296' title='bbox 1035 2302 1170 2338; x_wconf 78' lang='lat' dir='ltr'>Gallia</span> <span class='ocrx_word' id='word_1_297' title='bbox 1188 2305 1227 2338; x_wconf 87' lang='lat' dir='ltr'>et</span> <span class='ocrx_word' id='word_1_298' title='bbox 1243 2301 1451 2338; x_wconf 77' lang='lat' dir='ltr'>Lusitania</span> <span class='ocrx_word' id='word_1_299' title='bbox 1475 2303 1525 2338; x_wconf 91' lang='lat' dir='ltr'>ad</span> <span class='ocrx_word' id='word_1_300' title='bbox 1550 2304 1732 2339; x_wconf 83' lang='lat' dir='ltr'>Rossiam</span> <span class='ocrx_word' id='word_1_301' title='bbox 1751 2314 1837 2340; x_wconf 86' lang='lat' dir='ltr'>me-</span> 
     </span>
     <span class='ocr_line' id='line_1_35' title="bbox 155 2358 422 2393; baseline 0.007 -11"><span class='ocrx_word' id='word_1_302' title='bbox 155 2358 244 2393; x_wconf 79' lang='lat' dir='ltr'>lam,</span> <span class='ocrx_word' id='word_1_303' title='bbox 293 2360 306 2384; x_wconf 88' lang='lat'>1</span> <span class='ocrx_word' id='word_1_304' title='bbox 338 2360 422 2384; x_wconf 81' lang='lat' dir='ltr'>iria.</span> 
     </span>
    </p>
   </div>
   <div class='ocr_carea' id='block_1_9' title="bbox 127 2496 1840 2961">
    <p class='ocr_par' dir='ltr' id='par_1_11' title="bbox 127 2496 1840 2961">
     <span class='ocr_line' id='line_1_36' title="bbox 191 2496 1838 2553; baseline 0 -15"><span class='ocrx_word' id='word_1_305' title='bbox 191 2496 256 2538; x_wconf 81' lang='lat'>13.</span> <span class='ocrx_word' id='word_1_306' title='bbox 291 2496 345 2539; x_wconf 82' lang='lat' dir='ltr'>E.</span> <span class='ocrx_word' id='word_1_307' title='bbox 371 2496 682 2552; x_wconf 70' lang='lat' dir='ltr'>trigonum</span> <span class='ocrx_word' id='word_1_308' title='bbox 708 2497 926 2553; x_wconf 75' lang='lat' dir='ltr'>(Schrank</span> <span class='ocrx_word' id='word_1_309' title='bbox 949 2497 1077 2539; x_wconf 91' lang='lat' dir='ltr'>Baier</span> <span class='ocrx_word' id='word_1_310' title='bbox 1095 2496 1159 2539; x_wconf 88' lang='lat' dir='ltr'>Fl.</span> <span class='ocrx_word' id='word_1_311' title='bbox 1186 2496 1217 2549; x_wconf 88' lang='grc' dir='ltr'>Ι,</span> <span class='ocrx_word' id='word_1_312' title='bbox 1242 2496 1349 2551; x_wconf 75' lang='grc'>644)</span> <span class='ocrx_word' id='word_1_313' title='bbox 1377 2497 1499 2539; x_wconf 89' lang='lat' dir='ltr'>caule</span> <span class='ocrx_word' id='word_1_314' title='bbox 1521 2497 1704 2540; x_wconf 89' lang='lat' dir='ltr'>robusto</span> <span class='ocrx_word' id='word_1_315' title='bbox 1739 2497 1838 2539; x_wconf 91' lang='lat' dir='ltr'>sim-</span> 
     </span>
     <span class='ocr_line' id='line_1_37' title="bbox 127 2555 1837 2610; baseline 0.001 -13"><span class='ocrx_word' id='word_1_316' title='bbox 127 2555 227 2609; x_wconf 87' lang='lat' dir='ltr'>plici</span> <span class='ocrx_word' id='word_1_317' title='bbox 252 2556 377 2598; x_wconf 90' lang='lat' dir='ltr'>lineis</span> <span class='ocrx_word' id='word_1_318' title='bbox 407 2557 482 2598; x_wconf 83' lang='grc'>3-4</span> <span class='ocrx_word' id='word_1_319' title='bbox 508 2568 662 2610; x_wconf 86' lang='lat' dir='ltr'>parum</span> <span class='ocrx_word' id='word_1_320' title='bbox 689 2557 964 2610; x_wconf 85' lang='lat' dir='ltr'>prominulis,</span> <span class='ocrx_word' id='word_1_321' title='bbox 1002 2556 1113 2598; x_wconf 89' lang='lat' dir='ltr'>foliis</span> <span class='ocrx_word' id='word_1_322' title='bbox 1145 2556 1357 2610; x_wconf 88' lang='lat' dir='ltr'>oppositis</span> <span class='ocrx_word' id='word_1_323' title='bbox 1385 2557 1524 2598; x_wconf 90' lang='lat' dir='ltr'>ternis</span> <span class='ocrx_word' id='word_1_324' title='bbox 1551 2557 1837 2610; x_wconf 76' lang='lat' dir='ltr'>quaternisve</span> 
     </span>
     <span class='ocr_line' id='line_1_38' title="bbox 128 2614 1837 2668; baseline 0.001 -12"><span class='ocrx_word' id='word_1_325' title='bbox 128 2614 358 2656; x_wconf 89' lang='lat' dir='ltr'>sessilibus</span> <span class='ocrx_word' id='word_1_326' title='bbox 393 2628 417 2657; x_wconf 87' lang='lat' dir='ltr'>a</span> <span class='ocrx_word' id='word_1_327' title='bbox 451 2615 541 2657; x_wconf 89' lang='lat' dir='ltr'>basi</span> <span class='ocrx_word' id='word_1_328' title='bbox 578 2616 811 2657; x_wconf 72' lang='lat' dir='ltr'>rotundata</span> <span class='ocrx_word' id='word_1_329' title='bbox 839 2615 1222 2668; x_wconf 83' lang='lat' dir='ltr'>subamplexicauli</span> <span class='ocrx_word' id='word_1_330' title='bbox 1252 2615 1709 2667; x_wconf 82' lang='lat' dir='ltr'>oblongo-lanceolatis</span> <span class='ocrx_word' id='word_1_331' title='bbox 1738 2628 1837 2657; x_wconf 87' lang='lat' dir='ltr'>aeu—</span> 
     </span>
     <span class='ocr_line' id='line_1_39' title="bbox 127 2673 1840 2728; baseline 0.001 -14"><span class='ocrx_word' id='word_1_332' title='bbox 127 2673 302 2715; x_wconf 85' lang='lat' dir='ltr'>minatis</span> <span class='ocrx_word' id='word_1_333' title='bbox 334 2674 605 2728; x_wconf 69' lang='lat' dir='ltr'>inaequaliter</span> <span class='ocrx_word' id='word_1_334' title='bbox 641 2674 1109 2717; x_wconf 85' lang='lat' dir='ltr'>denticulato-serratis</span> <span class='ocrx_word' id='word_1_335' title='bbox 1136 2674 1190 2715; x_wconf 88' lang='lat' dir='ltr'>ad</span> <span class='ocrx_word' id='word_1_336' title='bbox 1216 2685 1350 2715; x_wconf 86' lang='lat' dir='ltr'>venas</span> <span class='ocrx_word' id='word_1_337' title='bbox 1381 2677 1423 2716; x_wconf 87' lang='lat' dir='ltr'>et</span> <span class='ocrx_word' id='word_1_338' title='bbox 1455 2675 1673 2727; x_wconf 79' lang='lat' dir='ltr'>margines</span> <span class='ocrx_word' id='word_1_339' title='bbox 1703 2674 1840 2728; x_wconf 87' lang='lat' dir='ltr'>pube-</span> 
     </span>
     <span class='ocr_line' id='line_1_40' title="bbox 127 2732 1837 2786; baseline 0.001 -13"><span class='ocrx_word' id='word_1_340' title='bbox 127 2732 253 2783; x_wconf 86' lang='lat' dir='ltr'>rulis,</span> <span class='ocrx_word' id='word_1_341' title='bbox 281 2732 464 2775; x_wconf 82' lang='lat' dir='ltr'>floribus</span> <span class='ocrx_word' id='word_1_342' title='bbox 487 2736 585 2774; x_wconf 85' lang='lat' dir='ltr'>ante</span> <span class='ocrx_word' id='word_1_343' title='bbox 612 2733 811 2775; x_wconf 77' lang='lat' dir='ltr'>antliesin</span> <span class='ocrx_word' id='word_1_344' title='bbox 838 2734 1028 2784; x_wconf 79' lang='lat' dir='ltr'>cernuis,</span> <span class='ocrx_word' id='word_1_345' title='bbox 1067 2732 1342 2785; x_wconf 81' lang='lat' dir='ltr'>stigmatibus</span> <span class='ocrx_word' id='word_1_346' title='bbox 1380 2734 1423 2774; x_wconf 86' lang='lat' dir='ltr'>in</span> <span class='ocrx_word' id='word_1_347' title='bbox 1459 2735 1622 2775; x_wconf 86' lang='lat' dir='ltr'>clavam</span> <span class='ocrx_word' id='word_1_348' title='bbox 1656 2733 1837 2786; x_wconf 85' lang='lat' dir='ltr'>coalitis,</span> 
     </span>
     <span class='ocr_line' id='line_1_41' title="bbox 129 2790 1826 2845; baseline 0 -13"><span class='ocrx_word' id='word_1_349' title='bbox 129 2790 368 2833; x_wconf 86' lang='lat' dir='ltr'>seminibus</span> <span class='ocrx_word' id='word_1_350' title='bbox 399 2791 581 2833; x_wconf 81' lang='lat' dir='ltr'>laevibus</span> <span class='ocrx_word' id='word_1_351' title='bbox 614 2791 1016 2845; x_wconf 83' lang='lat' dir='ltr'>obovato-oblongis</span> <span class='ocrx_word' id='word_1_352' title='bbox 1048 2792 1141 2834; x_wconf 88' lang='lat' dir='ltr'>basi</span> <span class='ocrx_word' id='word_1_353' title='bbox 1169 2793 1393 2834; x_wconf 75' lang='lat' dir='ltr'>attenuata</span> <span class='ocrx_word' id='word_1_354' title='bbox 1431 2792 1745 2834; x_wconf 75' lang='lat' dir='ltr'>obtusiuseulis</span> <span class='ocrx_word' id='word_1_355' title='bbox 1789 2798 1826 2840; x_wconf 69' lang='lat'>26</span> 
     </span>
     <span class='ocr_line' id='line_1_42' title="bbox 127 2849 1833 2904; baseline 0.002 -15"><span class='ocrx_word' id='word_1_356' title='bbox 127 2849 176 2890; x_wconf 83' lang='lat' dir='ltr'>E.</span> <span class='ocrx_word' id='word_1_357' title='bbox 195 2849 382 2900; x_wconf 73' lang='lat' dir='ltr'>alpestre</span> <span class='ocrx_word' id='word_1_358' title='bbox 406 2849 538 2892; x_wconf 85' lang='lat' dir='ltr'>Rchb.</span> <span class='ocrx_word' id='word_1_359' title='bbox 558 2850 616 2892; x_wconf 92' lang='lat' dir='ltr'>Ic.</span> <span class='ocrx_word' id='word_1_360' title='bbox 640 2850 694 2903; x_wconf 81' lang='lat' dir='ltr'>II,</span> <span class='ocrx_word' id='word_1_361' title='bbox 717 2851 801 2892; x_wconf 86' lang='lat' dir='ltr'>tab.</span> <span class='ocrx_word' id='word_1_362' title='bbox 823 2853 918 2893; x_wconf 79' lang='grc'><strong>200.</strong></span> <span class='ocrx_word' id='word_1_363' title='bbox 948 2876 999 2880; x_wconf 84' lang='grc'>-</span> <span class='ocrx_word' id='word_1_364' title='bbox 1023 2852 1071 2893; x_wconf 92' lang='grc' dir='ltr'><strong>Ε.</strong></span> <span class='ocrx_word' id='word_1_365' title='bbox 1092 2862 1265 2893; x_wconf 75' lang='lat' dir='ltr'>roseum</span> <span class='ocrx_word' id='word_1_366' title='bbox 1284 2850 1315 2904; x_wconf 81' lang='grc' dir='ltr'><em>β</em></span> <span class='ocrx_word' id='word_1_367' title='bbox 1333 2851 1560 2904; x_wconf 71' lang='grc' dir='ltr'>ίνίῃοηιωη</span> <span class='ocrx_word' id='word_1_368' title='bbox 1578 2864 1655 2893; x_wconf 70' lang='lat' dir='ltr'>nc.</span> <span class='ocrx_word' id='word_1_369' title='bbox 1678 2851 1833 2892; x_wconf 87' lang='lat' dir='ltr'>Prodr.</span> 
     </span>
     <span class='ocr_line' id='line_1_43' title="bbox 129 2907 374 2961; baseline 0.008 -13"><span class='ocrx_word' id='word_1_370' title='bbox 129 2907 204 2951; x_wconf 84' lang='lat' dir='ltr'>Ill.</span> <span class='ocrx_word' id='word_1_371' title='bbox 233 2922 271 2961; x_wconf 85' lang='lat' dir='ltr'>p.</span> <span class='ocrx_word' id='word_1_372' title='bbox 305 2910 374 2950; x_wconf 76' lang='lat'>41.</span> 
     </span>
    </p>
   </div>
   <div class='ocr_carea' id='block_1_10' title="bbox 176 2983 1838 3031">
    <p class='ocr_par' dir='ltr' id='par_1_12' title="bbox 176 2983 1838 3031">
     <span class='ocr_line' id='line_1_44' title="bbox 176 2983 1838 3031; baseline 0.002 -14"><span class='ocrx_word' id='word_1_373' title='bbox 176 2983 278 3018; x_wconf 87' lang='lat' dir='ltr'>Hab.</span> <span class='ocrx_word' id='word_1_374' title='bbox 297 2983 337 3018; x_wconf 90' lang='lat' dir='ltr'>in</span> <span class='ocrx_word' id='word_1_375' title='bbox 355 2984 514 3029; x_wconf 84' lang='lat' dir='ltr'>regione</span> <span class='ocrx_word' id='word_1_376' title='bbox 532 2985 753 3031; x_wconf 75' lang='lat' dir='ltr'>subalpina,</span> <span class='ocrx_word' id='word_1_377' title='bbox 770 2985 919 3021; x_wconf 86' lang='lat' dir='ltr'>Pontus</span> <span class='ocrx_word' id='word_1_378' title='bbox 939 2984 1126 3020; x_wconf 85' lang='lat' dir='ltr'>australis</span> <span class='ocrx_word' id='word_1_379' title='bbox 1154 2985 1254 3021; x_wconf 88' lang='lat' dir='ltr'>inter</span> <span class='ocrx_word' id='word_1_380' title='bbox 1279 2985 1469 3021; x_wconf 87' lang='lat' dir='ltr'>ditionem</span> <span class='ocrx_word' id='word_1_381' title='bbox 1494 2984 1695 3031; x_wconf 85' lang='lat' dir='ltr'>Hassanly</span> <span class='ocrx_word' id='word_1_382' title='bbox 1713 2986 1750 3020; x_wconf 92' lang='lat' dir='ltr'>et</span> <span class='ocrx_word' id='word_1_383' title='bbox 1767 2995 1838 3031; x_wconf 86' lang='lat' dir='ltr'>pa—</span> 
     </span>
    </p>
   </div>
  </div>
 </body>
</html>
