2065 3236
228 201 301 238 690
983 211 1183 240 ROSACEAE.
1759 205 1930 253 szroea.

221 285 440 338 corymbis
466 296 610 327 ramos
648 284 904 327 hornotinos
944 285 1280 329 terminantibus
1315 284 1387 329 vel
1420 286 1925 340 racemoso-paniculatis

224 343 555 395 subsessssibus,
584 343 742 396 calycis
765 342 875 386 lobis
903 344 1042 386 ovatis
1075 345 1346 398 patentibus,
1373 345 1574 398 carpellis
1607 347 1630 387 5
1657 345 1814 388 erectis
1836 346 1929 398 gla-

218 401 456 445 briusculis
473 402 585 455 stylo
606 402 825 445 terminali
854 408 886 451 5.
915 401 1154 445 Serenam
1177 406 1220 445 et
1245 402 1289 445 S.
1316 402 1631 457 hyperic‘ifolia
1654 403 1764 446 Μ.Β.
1793 404 1926 447 Taur.

218 460 344 504 Cauc.
367 461 400 514 Ι,
427 473 467 514 p.
497 460 752 513 sea-Sp.
772 460 952 503 obovata
979 462 1128 504 Willd.

263 533 365 569 Hah.
384 533 426 568 in
445 533 638 569 montosis
655 533 852 568 Anatoliae
870 534 951 569 bor.
971 533 1021 569 ad
1039 533 1247 569 Safranbol
1274 536 1312 569 et
1339 534 1553 570 Mersiwan
1572 534 1748 580 (Wiedl),
1766 536 1923 572 Tauriae

216 581 344 627 (MR,
363 580 497 625 Stev.)‚
522 580 687 615 Caucasi
704 579 886 616 centralis
907 583 944 616 et
961 581 1160 617 orientalis
1189 592 1314 628 usque
1333 582 1383 617 ad
1400 582 1504 618 7000'
1532 581 1658 628 (Rupr
1671 583 1711 627 l),
1730 593 1838 629 prov.
1858 583 1923 619 Cis

213 631 252 664 et
269 628 693 664 Transcaucasicarum
714 627 828 671 (MR.
845 627 976 663 Szow!
992 629 1101 664 Hoh!
1125 628 1302 673 Buhsel)‚
1333 629 1476 664 Persiae
1501 628 1584 664 bor.
1602 629 1644 664 in
1666 629 1762 675 jugo
1780 630 1924 666 montis

214 675 359 711 Elbrus
377 675 567 720 (Buhsei)
594 676 631 710 et
657 683 789 710 monte
820 674 1054 712 Demavend
1080 675 1171 721 (Ky.
1192 686 1271 711 exs.
1288 675 1407 722 3561),
1426 675 1700 712 Turkestaniae
1731 677 1772 712 in
1788 678 1923 713 monte

216 723 393 758 Karatau
411 723 594 767 (Lehm.).

269 790 313 845 β.
349 788 646 843 Kotschyana.
665 814 719 819 -
751 789 869 832 Folia
897 789 1321 832 ovato-subrotunda
1345 789 1509 842 latiora,
1530 801 1751 832 ramorum
1772 789 1918 843 junio-

210 862 312 892 rum
354 850 486 892 latius
535 853 577 891 et
618 849 819 892 obtusius
854 849 1041 891 dentata.
1079 848 1229 891 Refert
1270 849 1407 891 forma
1439 849 1639 891 foliorum
1681 847 1721 891 S.
1766 847 1919 890 thalic-

210 908 398 951 troidem
420 907 498 951 sed
521 908 689 950 minora
718 911 836 960 sunt,
860 908 1125 962 glaberrima
1150 910 1192 951 et
1219 920 1302 950 non
1324 908 1490 961 glauca.

257 982 360 1017 Hab.
378 981 419 1016 in
438 991 548 1028 prov.
571 981 712 1017 Musch
730 982 928 1017 Armeniae
945 980 1130 1017 australis
1152 981 1242 1027 (ΚΥ.
1261 992 1341 1017 exs.
1358 980 1478 1025 5381).

212 1046 315 1128 BAr
333 1044 473 1128 lilieoqr.
500 1045 719 1091 Hungaria,
743 1045 885 1081 Rossia
904 1045 1034 1081 media
1051 1047 1088 1080 et
1105 1044 1304 1091 australis,
1327 1044 1531 1090 Songaria,
1549 1043 1694 1080 Sibiria
1713 1044 1863 1080 Altaiea
1883 1046 1921 1080 et

247 1103 331 1129 aloa
349 1103 467 1129 enS1s.

268 1224 308 1266 3.
342 1222 396 1266 S.
427 1222 746 1275 Brahuica,
773 1223 980 1266 fruticosa
1005 1221 1276 1264 divaricatim
1302 1220 1614 1273 famosissima,
1645 1222 1828 1265 ramulis
1855 1225 1918 1266 te-

205 1283 368 1326 nuibus
395 1281 610 1324 intricatis
639 1282 759 1335 apice
787 1282 962 1324 demum
987 1281 1338 1335 spinescentibus
1356 1280 1608 1335 junioribus
1638 1282 1918 1336 tomentellis,

203 1342 317 1384 foliis
359 1341 550 1384 minimis
592 1341 798 1396 utrinque
839 1341 1094 1384 tomentosis
1134 1341 1291 1383 subtus
1332 1339 1664 1382 canescentibus
1707 1339 1911 1384 obovato-

203 1401 400 1455 oblongis
424 1400 518 1442 basi
545 1400 739 1443 cuneatis
775 1400 895 1454 apice
927 1399 1083 1442 obtuse
1112 1401 1155 1441 et
1180 1400 1266 1442 late
1294 1397 1577 1441 3-5-dentatis
1611 1399 1677 1441 vel
1712 1398 1910 1453 integris,

202 1460 389 1503 floribus
421 1460 465 1502 in
491 1460 722 1514 corymbos
762 1459 1013 1502 terminales
1056 1458 1317 1513 paucissoros
1360 1457 1556 1499 breviter
1601 1457 1916 1511 pedunculalos

201 1519 427 1573 dispositis
455 1519 649 1561 breviter
673 1518 957 1572 pedicellatis,
984 1517 1142 1571 calycis
1165 1517 1396 1559 tomentosi
1424 1516 1628 1558 dentibus
1650 1516 1845 1559 breviter
1871 1519 1916 1560 et

198 1579 286 1621 late
308 1578 653 1632 triangularibus
671 1577 968 1629 acutiusculis‚
996 1576 1198 1631 carpellis
1225 1574 1516 1632 (junioribus)
1543 1575 1728 1618 hirsutis
1755 1582 1792 1624 5.

246 1653 348 1689 Hah.
366 1653 408 1688 in
426 1653 572 1700 alpinis
590 1652 736 1688 montis
756 1651 904 1688 Chehel
922 1651 1011 1687 Tun
1029 1650 1267 1686 Belutschiae
1285 1649 1497 1696 superioris
1516 1648 1721 1694 (Stocksl).

244 1718 356 1754 Folia
372 1718 436 1753 2-4
463 1718 589 1753 lineas
607 1719 761 1752 tantum
786 1715 918 1761 longa,
943 1715 1121 1761 corymbi
1148 1714 1233 1761 piso
1259 1714 1330 1750 vix
1359 1713 1540 1752 maiores.
1569 1712 1628 1748 Ex
1646 1713 1838 1750 affinitate
1871 1714 1914 1752 S.

198 1765 437 1802 canescentes
465 1765 563 1810 Don,
587 1764 637 1800 ab
658 1764 843 1799 omnibus
873 1763 1038 1798 ramulis
1066 1761 1372 1798 intricatissimis
1398 1760 1714 1807 spinescentibus
1745 1763 1784 1797 et
1800 1761 1911 1798 foliis

207 1813 373 1849 minutis
393 1813 587 1848 distincta.

195 1959 218 2015 ἓ
256 1961 295 2002 2.
330 1958 556 2060 Arufflci
580 1957 676 2001 Ser.
704 1958 780 2001 loc.
810 1957 880 2000 cit.
900 1956 1101 1999 —Flores
1119 1956 1257 1999 dioici.
1285 1954 1482 2011 Carpella
1503 1955 1705 2010 pendula.
1729 1956 1914 2012 Stipulae

380 2031 440 2061 nu
479 2030 531 2060 ae.

256 2129 296 2170 4.
321 2127 374 2171 S.
406 2127 684 2171 Aruncus
697 2125 762 2180 (L.
779 2124 850 2179 Sp.
873 2125 977 2180 702)
994 2124 1190 2167 caulibus
1203 2124 1428 2166 herbaceis
1455 2122 1579 2166 elatis
1600 2125 1771 2173 erectis,
1794 2123 1908 2166 soliis

194 2188 237 2229 bi
258 2187 330 2229 vel
353 2186 603 2241 tripinnatis
636 2184 793 2227 foliolis
821 2183 1166 2237 ovato-oblongis
1196 2183 1322 2236 longe
1358 2181 1613 2225 acuminatis
1641 2185 1793 2235 argute
1823 2182 1906 2225 du-

193 2246 573 2300 plicato-serratis,
602 2244 786 2287 floribus
812 2243 856 2286 in
884 2243 1025 2297 spicas
1053 2242 1313 2296 cylindricas
1341 2242 1482 2296 ample
1515 2242 1781 2295 paniculatas
1809 2241 1898 2284 dis-

194 2306 363 2359 positis,
391 2304 651 2348 staminibus
679 2303 821 2357 petala
843 2302 1169 2356 superantibus,
1198 2301 1401 2355 carpellis
1426 2302 1500 2342 3-4
1523 2301 1685 2354 glabris
1721 2307 1781 2349 26.

240 2380 342 2415 Hab.
363 2379 402 2414 in
422 2378 628 2425 sylvaticis
646 2376 857 2422 montanis,
877 2375 986 2422 alpes
1004 2375 1120 2411 Ponti
1139 2374 1268 2410 Lazici
1285 2374 1336 2409 ad
1364 2374 1500 2420 Djimil
1521 2374 1611 2418 (Bal
1629 2376 1666 2419 l).
1729 2384 1810 2409 rov.
1837 2374 1910 2410 Cis

193 2430 230 2463 et
262 2426 606 2462 Transcaucasicae
644 2424 841 2469 (Laden),
877 2423 1075 2458 Caucasus
1113 2421 1487 2458 boreali-orientalis
1523 2422 1627 2458 2400’
1664 2422 1679 2466 (
1729 2421 1852 2459 werin
1866 2423 1910 2466 l).

199 2474 255 2510 Fl.
276 2474 355 2510 Jul.

237 2541 301 2576 Ar.
325 2540 463 2585 Geoqr.
496 2538 656 2584 Europa
683 2539 780 2583 sept.
802 2537 839 2571 et
856 2535 987 2571 media
1002 2545 1127 2581 usque
1148 2535 1197 2571 ad
1217 2535 1454 2582 Hispaniam
1476 2536 1513 2570 et
1531 2534 1689 2570 Italiam
1716 2534 1907 2580 boreales,

192 2587 339 2623 Sibil-ia
358 2589 453 2631 tota,
483 2586 662 2621 America
683 2583 869 2619 borealis.

195 2738 217 2790 g·
252 2737 291 2778 3.
327 2734 615 2836 Ullinl'ariae
638 2731 861 2834 lCitimbess.
884 2756 937 2762 —
961 2731 1113 2774 Flores
1139 2730 1497 2784 hermaphroditi.
1524 2728 1721 2783 Carpella
1748 2732 1906 2772 erecta.

410 2807 433 2836 o
455 2795 492 2836 ia
515 2794 632 2847 stipu
653 2805 675 2834 a
699 2804 732 2833 a.

254 2920 293 2959 5.
328 2917 379 2960 S.
408 2914 681 2960 Ulmaria
702 2913 769 2969 (L.
798 2912 870 2967 Sp.
908 2911 1012 2965 7002)
1036 2911 1157 2953 caule
1181 2910 1396 2953 herbaceo
1423 2914 1566 2953 erecto
1590 2911 1768 2962 sulcato,
1795 2911 1907 2954 foliis

193 2978 443 3031 interrupte
470 2973 661 3030 pinnatis
685 2973 847 3028 saepius
870 2970 1123 3026 hypoleucis
1157 2970 1314 3012 foliolis
1351 2970 1532 3012 serratis
1559 2968 1906 3024 ovato-oblongis
