2025 3236
166 207 191 243 6
849 214 1207 242 TEREBINTHAOEAE.
1669 207 1862 244 Pistaeia.

170 289 346 340 strictis,
373 289 511 330 fructo
543 299 697 340 magno
723 286 907 339 oblongo
932 285 1102 339 apiculo
1120 286 1344 331 ,terminali
1369 290 1407 337 5.
1434 287 1490 329 Ic.
1515 287 1700 330 Duham.
1722 289 1750 330 4
1774 289 1860 331 tab.

174 348 369 390 17.-P.
397 344 696 389 Narbonensi-s
724 343 869 411 L.·Sp.
902 344 1025 386 1474.
1048 344 1096 386 P.
1113 343 1352 396 ⁴*reticulata
1372 345 1522 388 Willd.
1549 345 1621 400 Sp.
1649 346 1723 399 IV,
1763 348 1860 389 751.

217 422 317 458 Hab.
335 422 376 456 in
392 421 506 466 Syria
523 422 585 465 (ex
604 420 795 463 Linnaeo),
820 418 869 454 ad
892 418 969 453 Ain
990 417 1117 453 ’rineh
1135 418 1355 454 Antilibani
1377 420 1427 455 ad
1445 423 1540 466 sept.
1559 420 1744 457 Damasci
1766 421 1863 466 (ubi

174 468 365 506 Karmidi
379 467 522 504 Beledz'
535 467 644 502 audit
660 469 698 502 et
713 466 800 501 ideo
811 465 997 511 indigena
1007 465 1190 510 videtur),
1200 466 1242 500 in
1251 465 1536 513 Mesopotamia
1547 477 1669 514 prope
1683 468 1811 504 Terek
1827 472 1866 504 et

172 516 265 552 Orsa
286 515 486 560 (Hausskl
504 524 555 549 an
577 514 733 566 spont?)
756 513 911 565 Ubique
937 512 1059 565 (3111331
1075 513 1117 547 in
1136 511 1261 558 Syria,
1289 512 1499 560 Palestina,
1525 514 1701 560 Assyria,
1718 515 1864 560 Persia,

173 561 552 599 Graeciit-—Arabice
569 559 769 603 Iam-midi,
787 559 940 595 Persme
953 558 1062 595 Paste
1079 558 1201 594 audit.

234 705 273 746 2.
300 704 358 746 P.
382 701 778 746 'terebinthus
804 700 872 756 (L.
895 701 971 754 Sp.
1005 700 1136 756 1455)
1160 700 1407 751 arbuscula,
1431 701 1545 745 soliis
1573 702 1767 746 deciduis
1786 704 1866 745 im-

173 761 479 818 pari-pinnatis
515 762 588 802 4-5
611 761 741 814 jugis,
768 760 929 814 petiole
960 760 1110 813 glabro
1141 759 1357 812 augustino,
1378 760 1534 803 foliolis
1559 762 1866 814 glabriusculis

173 820 515 873 ovato-oblongis
538 820 683 862 rarius
713 818 960 861 lanceolatis
978 818 1071 860 basi
1088 817 1276 872 obliquis
1304 820 1618 862 mucronulatis
1640 832 1775 875 supra
1802 821 1868 863 lu-

174 880 295 932 cidis,
322 879 505 922 floribus
542 877 820 932 paniculatis,
846 877 1059 931 paniculis
1089 876 1326 919 fructitEris
1352 878 1483 920 rectis
1510 879 1696 932 strictis,
1723 880 1867 921 fructu

174 951 310 993 parvo
340 940 465 980 ovato
500 948 749 990 compresso
769 936 939 990 apiculo
960 936 1192 978 terminali.
1213 940 1251 986 5.
1274 935 1328 978 Ic.
1352 936 1415 978 Fl.
1437 934 1574 979 Graec.
1595 938 1682 980 tab.
1705 938 1789 980 956
1810 962 1865 968 -

174 998 222 1040 P.
251 996 413 1038 mutica
437 996 560 1038 Raul.
586 994 673 1037 Cat.
699 993 812 1037 Cret.
840 1008 879 1049 p.
911 996 995 1037 734
1018 1006 1106 1036 non
1130 995 1173 1036 F.
1198 994 1250 1036 M.
1275 1019 1327 1024 -
1357 995 1404 1036 P.
1432 995 1657 1038 Atlantica
1685 1008 1776 1038 var.
1803 996 1864 1038 ἰα-

176 1055 326 1107 tifolia
350 1068 435 1098 nc.
461 1054 614 1097 Prodr,
643 1056 681 1107 2,
702 1066 743 1108 p.
767 1055 836 1096 64.

222 1128 322 1164 Hab.
353 1129 393 1163 in
418 1127 586 1163 collibus
616 1127 728 1163 siccis
757 1127 928 1172 regionis
955 1127 1150 1162 inferioris
1179 1130 1216 1162 et
1239 1127 1515 1164 submontanae
1532 1128 1575 1163 in
1597 1128 1867 1175 Peloponneso

176 1175 325 1221 (Bory)‚
356 1175 584 1210 Macedonia
602 1175 712 1219 (Friv
737 1175 762 1219 l)
789 1173 1034 1220 Cephalonia
1056 1173 1286 1221 (Schimpl),
1306 1174 1419 1210 Creta
1437 1175 1611 1219 (Bauli),
1630 1175 1870 1220 Cycladibus

176 1222 302 1306 (Etr-v.)
327 1222 516 1268 Bithynia
541 1222 729 1267 [Griseb.)
748 1221 878 1268 Cypro
902 1221 995 1267 (Ky.
1019 1231 1099 1256 exs.
1127 1221 1203 1257 sub
1223 1221 1269 1257 P.
1288 1220 1525 1266 Palestimi).
1553 1222 1687 1258 Graece
1714 1222 1869 1259 Kokko-

177 1280 199 1304 r
241 1280 300 1305 za.

223 1334 286 1368 Ar.
308 1332 448 1377 Geoqr.
472 1333 631 1378 Europa
648 1333 776 1367 omnis
797 1331 982 1368 australis
1003 1343 1027 1367 a
1049 1331 1293 1378 Delphinatu
1311 1335 1349 1367 et
1361 1332 1509 1378 Tyrolo
1526 1332 1691 1368 australi
1707 1334 1756 1369 ad
1767 1333 1870 1369 litto-

177 1380 257 1415 rale
283 1380 546 1424 Austriacum7
573 1380 702 1415 ⁴&frica
718 1379 899 1415 borealis.

239 1527 277 1568 3.
305 1526 361 1568 P.
394 1525 700 1568 Palestina
722 1524 881 1580 (Boiss.
906 1524 1059 1577 Diagn.
1082 1523 1173 1566 Ser.
1197 1522 1229 1575 Ι,
1246 1522 1323 1575 ΙΧ,
1342 1535 1382 1577 p.
1413 1522 1456 1577 1)
1473 1522 1709 1565 arbuscula
1724 1523 1870 1566 rarius

179 1586 373 1636 arborea,
394 1585 503 1627 foliis
527 1583 721 1626 deciduis
754 1583 992 1625 laxiuscule
1029 1584 1104 1624 4-5
1127 1583 1244 1637 jugis
1270 1582 1437 1637 absque
1457 1582 1615 1635 impari
1639 1582 1786 1624 rarius
1813 1583 1873 1624 fo-

180 1644 277 1686 liolo
300 1644 454 1698 impari
482 1644 644 1685 minuto
667 1642 833 1694 obsitis,
857 1642 1014 1695 petiolo
1040 1641 1231 1695 crispule
1247 1641 1463 1695 puberulo
1483 1641 1699 1694 angulato,
1716 1641 1873 1683 foliolis

179 1703 386 1756 glabratis
427 1703 619 1755 margine
654 1701 827 1744 hirtulis
857 1700 950 1742 basi
978 1701 1166 1754 obliquis
1204 1700 1343 1742 ovatis
1376 1699 1446 1742 vel
1482 1699 1676 1753 oblongis
1713 1700 1874 1742 acumi-

180 1762 293 1804 natis
320 1773 510 1815 superne
542 1761 714 1813 nitidis,
741 1760 952 1815 paniculis
985 1760 1220 1802 fructiferis
1247 1759 1455 1812 elongatis
1481 1758 1690 1801 flexuosis
1724 1762 1875 1812 paten-

179 1821 311 1873 tibus,
340 1822 481 1863 fructu
505 1833 638 1874 parvo
663 1819 1204 1873 obovato—subcompresso
1230 1818 1512 1862 obtusissimo
1532 1817 1744 1870 subgibbo
1770 1817 1878 1860 obli-

182 1893 267 1934 que
291 1882 542 1922 mucronato
569 1884 610 1929 5.

228 1954 328 1988 Hab.
348 1954 386 1988 in
406 1953 582 1989 dumosis
608 1953 777 1998 regionis
795 1951 1081 1994 submontanae‚
1101 1949 1301 1986 Palestina
1319 1950 1360 1985 in
1376 1949 1546 1986 Galilaea
1560 1949 1741 1994 (Boiss!)‚
1760 1949 1876 1995 Syria

181 2011 302 2083 §rope
322 2001 536 2054 Beryspum
558 2002 596 2053 et
605 2001 652 2054 ‘in
671 1999 823 2053 Libano
841 2009 979 2055 propre
998 1997 1181 2056 Kanobin
1200 1997 1361 2050 (Blojn
1378 1997 1482 2051 valle
1499 1997 1741 2057 Bargouthie
1757 2007 1876 2062 supra

209 2048 365 2083 idonem
384 2051 475 2083 etin
493 2047 710 2082 Antilibani
728 2047 875 2081 ditione
894 2045 1022 2081 hebet
1033 2044 1208 2080 bchekif!
1223 2044 1348 2089 (Gaul
1361 2045 1389 2089 l)
1407 2055 1448 2079 m
1465 2047 1597 2079 monte
1611 2044 1736 2079 Gebel
1754 2044 1871 2079 Belas

181 2095 323 2131 deserti
358 2106 495 2130 versus
525 2095 754 2139 Palmyram
783 2093 846 2137 (Bl
859 2094 898 2138 l),
932 2093 972 2127 in
1006 2095 1138 2128 monte
1160 2091 1368 2137 Ssoffdagh
1391 2091 1516 2137 Syriae
1551 2092 1630 2126 bor.
1665 2091 1731 2126 alt.
1765 2090 1872 2126 3000’

183 2143 360 2188 (Haussk
377 2144 414 2186 ἔ),
432 2142 568 2177 Cilicia
579 2142 629 2176 ad
645 2141 775 2176 Gulek
786 2140 883 2186 (Kyl
902 2139 1020 2183 Bam,
1035 2139 1272 2185 Pamphylia
1285 2148 1406 2185 prope
1419 2138 1561 2174 Adalia
1577 2139 1617 2173 in
1632 2139 1879 2185 rupestribus

183 2190 391 2225 maritimis
411 2189 560 2234 (Bourg
572 2191 610 2233 l),
626 2189 749 2224 Ponto
768 2188 809 2223 in
835 2187 1036 2222 montibus
1065 2186 1235 2221 Sanisun
1261 2185 1403 2227 (Tchih
1416 2187 1452 2230 l),
1471 2185 1743 2232 Paphlagonia
1756 2186 1878 2231 (Wie-

184 2237 273 2272 dem
283 2238 321 2281 ἕ),
342 2237 382 2271 in
401 2237 578 2271 dumosis
597 2236 646 2271 ad
671 2236 958 2281 Trapezuntem
976 2233 1160 2279 (Bourgl)
1179 2233 1346 2268 Arabice
1362 2231 1552 2269 Batoum.

232 2300 454 2337 Arbuscula
472 2303 510 2335 et
528 2300 690 2346 probab.
708 2299 872 2335 arborea
888 2301 1041 2334 tantum
1059 2309 1147 2334 cum
1165 2297 1279 2342 culta3
1298 2297 1446 2344 species
1464 2297 1631 2342 insignis
1650 2296 1785 2332 foliolo
1807 2297 1880 2332 im—

184 2349 268 2395 pari
287 2349 327 2383 in
344 2357 570 2383 mucronem
582 2357 750 2394 parvum
772 2345 999 2392 petiolarem
1017 2348 1212 2381 setaeeum
1224 2347 1374 2380 mutato
1391 2344 1591 2379 rarissime
1609 2343 1776 2379 obvioet
1789 2346 1882 2379 tunc

186 2397 349 2436 minuto,
368 2395 580 2441 specimina
597 2398 804 2429 occurrunt
829 2394 870 2428 in
892 2392 1038 2440 quibus
1061 2392 1183 2428 altera
1199 2392 1294 2427 folia
1316 2392 1401 2438 pari
1426 2391 1550 2427 altera
1562 2391 1703 2437 impari
1720 2391 1881 2437 pinnata

187 2441 449 2478 sunt.Foliola
464 2443 518 2477 eis
538 2441 582 2476 P.
608 2440 827 2478 Terebintki
840 2441 997 2487 longius
1016 2440 1239 2476 acuminata
1251 2467 1261 2483 ‚
1281 2439 1473 2486 paniculae
1491 2438 1687 2484 longiores
1714 2437 1883 2473 laxiores

187 2490 421 2526 ramosiores
440 2489 585 2536 patula:
605 2499 673 2524 nec
688 2489 842 2524 strictae.

250 2627 288 2668 4.
307 2626 364 2669 P.
382 2626 647 2681 Khinjuk
659 2626 831 2681 (Stocks
847 2626 891 2668 in
910 2626 1017 2667 Kew
1032 2624 1055 2667 J
1061 2637 1185 2668 ourn.
1201 2625 1274 2678 IV,
1286 2639 1325 2680 p.
1346 2624 1448 2681 143)
1465 2624 1710 2677 arbuscula,
1727 2624 1885 2667 cortice

190 2686 301 2738 laevi,
328 2686 437 2727 foliis
468 2685 951 2739 pubescenti-velutinis
991 2684 1163 2726 tandem
1204 2684 1304 2738 plus
1335 2685 1537 2727 minusve
1570 2683 1775 2738 glabratis
1806 2683 1886 2725 im-

191 2745 283 2798 pari
301 2744 491 2798 pinnatis
516 2745 585 2786 1-2
610 2745 753 2787 rarius
777 2744 992 2797 3-4jugis‚
1015 2743 1173 2797 petiole
1195 2744 1338 2796 tereti,
1361 2743 1516 2786 foliolis
1544 2743 1668 2785 valde
1694 2741 1885 2797 obliquis

192 2804 274 2845 late
299 2803 437 2845 ovatis
462 2803 713 2856 oblongisve
736 2804 834 2857 plus
858 2802 1003 2845 minus
1031 2802 1216 2857 abrupte
1241 2805 1283 2845 et
1309 2803 1434 2856 longe
1458 2801 1713 2844 acuminatis
1751 2813 1885 2855 supra

190 2862 359 2913 lucidis,
395 2862 607 2915 paniculis
636 2862 870 2904 fructiferis
901 2861 1094 2911 strictiS,
1131 2862 1276 2904 fructu
1310 2873 1445 2916 parvo
1482 2859 1885 2904 obovato-subcom-

191 2933 346 3021 preggo
385 2921 580 2963 acumine
607 2921 680 2962 vix
711 2921 887 2976 obliquo
919 2926 957 2971 5.
985 2920 1033 2962 Ρ.
1065 2919 1319 2962 acuminata
1344 2920 1482 2963 Boiss.
1511 2923 1554 2962 et
1586 2919 1734 2962 Buhse
1756 2918 1882 2961 Aufz.

190 2992 233 3033 p.
320 3013 327 3020 .
