2065 3236
228 219 301 256 722
959 225 1161 252 ROSACEAE.
1706 217 1931 255 Potentilla.

227 299 399 354 partitis
425 298 678 342 lateralibus
709 297 1025 341 subsessilibus
1050 296 1268 339 terminali
1300 297 1570 351 petiolulato‚
1595 298 1770 353 stipulis
1798 300 1929 342 semi-

228 358 367 401 ovatis
384 358 580 412 integris,
602 358 760 411 calycis
786 357 996 410 adpresse
1032 355 1137 397 hirti
1168 355 1334 399 laciniis
1361 357 1556 399 externis
1581 357 1752 401 obtusis
1792 359 1930 402 ovatis
1962 387 1964 389 ·

226 417 512 460 interioribus
535 416 732 469 oblongis
759 416 828 458 vel
849 414 1098 457 lanceolatis
1117 413 1249 468 duplo
1274 414 1557 468 longioribus,
1585 417 1739 470 petalis
1764 418 1929 460 retusis

226 476 370 530 calyce
397 476 616 529 subduplo
644 475 913 528 longioribus
943 477 998 519 ᾍ.

271 550 372 586 Hab.
398 549 440 584 in
457 549 614 594 regione
638 548 774 594 alpina
799 547 850 583 ad
883 547 996 583 nives
1027 547 1223 582 montium
1250 546 1342 583 Kuh
1368 548 1461 592 Nur,
1496 547 1624 583 Kellal
1654 550 1693 584 et
1721 537 1927 584 Sehsekuh

220 597 366 633 Persiae
384 595 654 632 austro-occid.
673 594 902 640 (Hausskl),
920 594 1023 640 alpis
1041 593 1132 629 Kuh
1144 594 1281 629 Dae'na
1291 594 1435 630 Persiae
1452 597 1572 630 austr.
1591 595 1682 641 (Ky.
1706 606 1784 631 exs.
1804 595 1925 642 7041),

221 644 273 680 ad
290 644 383 680 Ssof
396 645 497 679 inter
512 642 684 689 Ispahan
716 645 754 677 et
783 642 962 677 Teheran
990 642 1028 676 et
1059 641 1100 676 in
1126 651 1236 688 prov.
1255 641 1487 678 Khorassan
1519 643 1619 678 iuter
1653 642 1856 682 Nichanur
1886 645 1924 679 et

221 691 405 727 Mesched
424 690 524 736 (Bge
536 691 572 734 ἔ).

276 757 321 811 β.
350 754 539 797 hirsuta.
558 779 611 784 —
630 754 748 797 Folia
768 753 980 808 adpresse
1011 753 1194 805 hirsuta,
1228 752 1386 806 calycis
1421 753 1587 795 laciniae
1613 754 1797 796 internae
1824 766 1925 797 acu-

218 816 367 859 tiores.
386 838 443 845 —-
460 814 510 856 P.
540 813 744 855 radicosa
760 812 899 855 Boiss.
918 813 1070 865 Diagn.
1091 811 1182 854 Ser.
1202 812 1235 868 Ι,
1256 813 1296 864 6,
1319 824 1360 866 p.
1389 813 1458 855 49.

264 889 365 924 Hab.
383 889 433 924 ad
451 889 562 924 nives
584 887 731 922 montis
754 886 845 922 Kuh
870 887 1008 922 Daena
1025 886 1167 921 Persiae
1185 885 1370 921 australis
1390 884 1484 932 (Ky.
1508 885 1630 931 7631),
1653 886 1754 922 inter
1779 885 1870 922 Ssos
1884 889 1923 923 et

215 936 384 972 Kohrud
402 936 500 981 (Bge
513 937 550 980 1),
567 935 609 970 in
629 934 827 970 montibus
848 934 898 969 ad
916 933 1020 969 Yezd
1038 933 1234 978 (Buhsel).

263 999 405 1035 Caules
424 998 677 1034 ascendentes
696 997 956 1044 semipedales
982 996 1048 1032 vel
1076 996 1201 1032 multo
1225 996 1438 1041 breviores,
1468 995 1581 1031 flores
1610 996 1773 1042 minuti,
1802 997 1921 1033 facies

213 1046 259 1082 P.
279 1046 495 1093 multifidae.
522 1048 557 1082 A
587 1045 723 1080 formis
753 1045 799 1081 P.
815 1043 1058 1091 yeram‘oz'dzzs
1082 1043 1227 1089 calycis
1245 1043 1400 1079 laciniis
1418 1042 1535 1078 valde
1553 1043 1816 1091 inaequalibus
1835 1044 1917 1080 dis-

218 1094 350 1130 tincta.

272 1280 340 1321 57.
374 1278 431 1320 P.
460 1276 800 1332 pulvinaris
825 1276 975 1332 (Fenzl
994 1276 1146 1329 Pugill.
1178 1283 1224 1317 n0
1251 1276 1323 1329 15)
1349 1288 1461 1318 nana
1490 1276 1750 1330 pulvinatim
1776 1287 1915 1332 cespi-

211 1341 306 1380 tosa
331 1336 568 1379 caudiculis
603 1335 1125 1378 membranaceo-vestitis
1162 1335 1370 1387 clavatis,
1406 1335 1602 1378 caulibus
1638 1335 1917 1378 filiformibus

211 1396 420 1439 brevibus
469 1393 698 1447 1-2-ssoris,
727 1395 839 1437 foliis
887 1394 1035 1448 parvis
1082 1393 1217 1436 dense
1260 1394 1465 1437 rosulatis
1507 1393 1698 1448 quinatis
1725 1393 1912 1437 sericeo-

209 1455 378 1498 villosis
402 1454 561 1498 foliolis
584 1454 779 1496 breviter
801 1453 1200 1496 obovato-cuwatis
1228 1454 1385 1495 obtuse
1400 1453 1682 1495 3-5-serratis
1696 1447 1915 1496 terminali

210 1514 487 1569 petiolulato,
526 1513 702 1567 stipulis
740 1513 879 1555 ovatis
916 1512 1113 1564 integris,
1151 1512 1309 1565 calycis
1351 1513 1584 1554 tomentosi
1627 1511 1792 1554 laciniis
1830 1517 1916 1555 ext.

207 1574 404 1627 oblongis
432 1573 600 1615 obtusis
630 1572 813 1614 internis
841 1571 1293 1624 oblongo-lanceolatis
1314 1571 1599 1614 acutiusculis
1625 1571 1757 1625 duplo
1783 1572 1916 1625 majo-

204 1632 343 1682 ribuS,
368 1633 520 1686 petalis
545 1632 629 1673 late
656 1630 851 1673 obovatis
879 1630 1022 1684 calyce
1047 1629 1180 1683 duplo
1201 1630 1470 1683 longioribus
1503 1633 1560 1674 26.
1578 1630 1728 1673 Lehm.
1760 1630 1910 1673 Revis.

205 1692 298 1734 Pol.
333 1692 419 1734 tab.
449 1692 522 1732 44.

206 1766 352 1858 Billgb
374 1766 414 1801 in
432 1764 592 1810 regione
616 1764 750 1812 alpina
778 1763 899 1799 Tauri
924 1762 1070 1799 Cilic-ici
1089 1763 1154 1798 alt.
1178 1761 1408 1799 8000‘-9000’
1437 1763 1527 1810 (ΚΥ.
1547 1774 1628 1799 exs.
1653 1763 1742 1799 1791
1769 1766 1807 1799 et
1826 1764 1915 1800 1271

242 1824 265 1848 a
324 1842 330 1848 .

249 1876 452 1912 Caudiculi
482 1876 639 1922 vaginis
673 1875 910 1922 petiolorum
936 1876 974 1910 et
998 1874 1154 1921 stipulis
1180 1875 1344 1910 vetustis
1371 1875 1506 1910 vestiti
1533 1874 1793 1920 columnares,
1817 1874 1914 1911 folia

201 1924 320 1960 diam.
338 1924 403 1959 3-4
420 1924 546 1959 lineas
566 1923 655 1967 lata,
673 1923 788 1958 flores
808 1932 879 1969 pro
892 1922 1029 1968 planta
1052 1922 1186 1967 magni
1203 1921 1450 1968 longiuscule
1463 1921 1715 1968 pedunculati
1731 1932 1752 1957 e
1769 1923 1913 1968 cespite

200 1972 268 2006 vix
287 1971 440 2011 exserti.
459 1971 588 2017 petala
604 1969 802 2005 interdum
820 1980 868 2004 ex
894 1968 938 2004 cl.
957 1969 1076 2004 Fenzl
1096 1970 1237 2004 subtus
1261 1969 1688 2015 purpureo-variegata.
1708 1969 1911 2005 Foliorum

199 2018 395 2054 divisione
413 2017 461 2053 P.
476 2017 704 2064 yeram'oz'dz‘
721 2017 848 2063 magis
867 2027 989 2062 quam
1008 2016 1109 2051 nulli
1129 2016 1218 2052 aliae
1239 2016 1377 2052 affinis.

258 2202 327 2243 58.
362 2200 418 2242 P.
452 2199 743 2242 umbrosa
769 2196 911 2252 (Stev.
940 2197 987 2239 in
1014 2197 1120 2238 ΜΒ.
1151 2198 1285 2239 Taur.
1311 2195 1437 2240 Cauc.
1472 2196 1558 2249 III,
1581 2210 1622 2251 p.
1650 2197 1756 2251 357)
1782 2209 1913 2252 parce

195 2265 239 2303 et
264 2260 474 2313 adpresse
502 2258 689 2312 pilosula
715 2256 883 2307 viridis,
911 2257 1108 2299 caulibus
1142 2256 1567 2299 subascendentibus
1600 2257 1761 2299 crassis
1790 2257 1912 2310 apice

194 2318 480 2373 corymbosis,
505 2317 662 2360 foliolis
690 2314 923 2369 subquinis
953 2315 1297 2368 ovato-oblongis
1328 2315 1497 2358 obtusis
1524 2327 1677 2369 grosse
1705 2319 1748 2358 et
1784 2316 1911 2359 obtu-

195 2378 387 2421 siuscule
415 2377 598 2419 serratis
626 2378 787 2430 praeter
827 2375 939 2429 pilos
981 2374 1197 2427 glandulis
1224 2374 1373 2428 parvis
1415 2374 1645 2418 sessilibus
1681 2374 1907 2429 adspersis

195 2437 336 2480 tribus
364 2436 634 2478 intermediis
657 2434 937 2488 petiolulatis,
966 2433 1140 2487 stipulis
1163 2433 1522 2477 lato-lanceolatis
1553 2434 1738 2487 integris
1760 2434 1831 2476 vel
1860 2435 1907 2476 2-

195 2496 359 2547 3-fidis,
395 2495 553 2549 calycis
589 2493 756 2537 laciniis
788 2491 1114 2547 subaequalibus
1149 2492 1577 2535 lineari-lanceolatis
1604 2493 1904 2542 acutiusculis‚

194 2555 350 2609 petalis
390 2554 637 2597 obcordatis
677 2553 821 2606 calyce
864 2551 1287 2606 sesquilongioribus
1326 2555 1383 2597 26.
1422 2551 1572 2595 Lehin.
1616 2551 1763 2594 Revis.
1808 2552 1902 2594 Pot.

196 2613 281 2657 tab.
310 2615 378 2656 35.

245 2688 345 2724 Hah.
366 2688 406 2723 in
426 2687 626 2723 umbrosis
645 2684 804 2721 Tauriae
825 2684 1097 2720 meridionalis
1116 2684 1228 2730 (Stev
1240 2685 1276 2729 l).

240 2754 407 2799 Pedalis,
426 2754 541 2789 flores
560 2752 723 2798 magnit.
743 2751 790 2787 P.
809 2751 1015 2798 reptantis.

252 2819 295 2873 β.
329 2818 476 2861 minor
513 2817 685 2873 [Lelnn.
709 2813 792 2859 loc.
823 2814 932 2869 cit).
956 2839 1004 2844 —
1025 2814 1184 2864 Minor,
1215 2814 1314 2857 folia
1342 2813 1594 2868 subpedata.
1611 2812 1734 2855 -P.
1760 2812 1905 2855 Nord-

192 2877 437 2920 mannz‘ana
469 2877 629 2919 Ledeb.
649 2875 710 2918 Fl.
739 2875 865 2917 Ross.
895 2873 948 2926 ΙΙ,
973 2886 1013 2928 p.
1039 2874 1106 2915 53.

224 2953 341 3001 ilab.
366 2953 405 2987 in
428 2952 640 2998 provinciis
660 2949 883 2986 Caucasicis
913 2947 1220 2985 occidentalibus
1239 2946 1457 2992 (Nordml),
1481 2947 1522 2982 in
1537 2947 1723 2982 Armenia
1740 2946 1903 2983 Rossica

193 3001 372 3045 (smwi).
