<?xml version="1.0" encoding="UTF-8"?>
<!DOCTYPE html PUBLIC "-//W3C//DTD XHTML 1.0 Transitional//EN"
    "http://www.w3.org/TR/xhtml1/DTD/xhtml1-transitional.dtd">
<html xmlns="http://www.w3.org/1999/xhtml" xml:lang="en" lang="en">
 <head>
  <title>
</title>
<meta http-equiv="Content-Type" content="text/html;charset=utf-8" />
  <meta name='ocr-system' content='tesseract 3.04.00' />
  <meta name='ocr-capabilities' content='ocr_page ocr_carea ocr_par ocr_line ocrx_word'/>
</head>
<body>
  <div class='ocr_page' id='page_1' title='image "./floraorientaliss02bois_0682.png"; bbox 0 0 2065 3236; ppageno 0'>
   <div class='ocr_carea' id='block_1_1' title="bbox 235 240 1944 287">
    <p class='ocr_par' dir='ltr' id='par_1_1' title="bbox 235 240 1944 287">
     <span class='ocr_line' id='line_1_1' title="bbox 235 240 1944 287; baseline -0.002 -8"><span class='ocrx_word' id='word_1_1' title='bbox 235 250 308 287; x_wconf 77' lang='lat'>674</span> <span class='ocrx_word' id='word_1_2' title='bbox 992 250 1192 278; x_wconf 75' lang='lat' dir='ltr'>ROSACEAE.</span> <span class='ocrx_word' id='word_1_3' title='bbox 1823 240 1944 277; x_wconf 80' lang='lat' dir='ltr'>Rosa.</span> 
     </span>
    </p>
   </div>
   <div class='ocr_carea' id='block_1_2' title="bbox 285 352 1529 405">
    <p class='ocr_par' dir='ltr' id='par_1_2' title="bbox 285 352 1529 405">
     <span class='ocr_line' id='line_1_2' title="bbox 285 352 1529 405; baseline -0.009 -6"><span class='ocrx_word' id='word_1_4' title='bbox 285 363 385 399; x_wconf 87' lang='lat' dir='ltr'>Hab.</span> <span class='ocrx_word' id='word_1_5' title='bbox 404 362 445 398; x_wconf 89' lang='lat' dir='ltr'>in</span> <span class='ocrx_word' id='word_1_6' title='bbox 463 360 569 397; x_wconf 82' lang='lat' dir='ltr'>valle</span> <span class='ocrx_word' id='word_1_7' title='bbox 586 357 725 405; x_wconf 90' lang='lat' dir='ltr'>Djimil</span> <span class='ocrx_word' id='word_1_8' title='bbox 741 357 856 393; x_wconf 85' lang='lat' dir='ltr'>Ponti</span> <span class='ocrx_word' id='word_1_9' title='bbox 873 355 1001 391; x_wconf 86' lang='lat' dir='ltr'>Lazici</span> <span class='ocrx_word' id='word_1_10' title='bbox 1019 354 1086 390; x_wconf 83' lang='lat' dir='ltr'>alt.</span> <span class='ocrx_word' id='word_1_11' title='bbox 1103 353 1208 390; x_wconf 82' lang='lat'><em>6000‘</em></span> <span class='ocrx_word' id='word_1_12' title='bbox 1228 353 1358 399; x_wconf 79' lang='lat' dir='ltr'>(Ball)</span> <span class='ocrx_word' id='word_1_13' title='bbox 1376 353 1434 389; x_wconf 89' lang='lat' dir='ltr'>Fl.</span> <span class='ocrx_word' id='word_1_14' title='bbox 1453 352 1529 388; x_wconf 83' lang='lat' dir='ltr'>Jul.</span> 
     </span>
    </p>
   </div>
   <div class='ocr_carea' id='block_1_3' title="bbox 236 413 1946 702">
    <p class='ocr_par' dir='ltr' id='par_1_3' title="bbox 236 413 1946 702">
     <span class='ocr_line' id='line_1_3' title="bbox 283 413 1945 473; baseline -0.007 -11"><span class='ocrx_word' id='word_1_15' title='bbox 283 426 440 473; x_wconf 83' lang='lat' dir='ltr'>Species</span> <span class='ocrx_word' id='word_1_16' title='bbox 454 423 553 460; x_wconf 86' lang='lat' dir='ltr'>mihi</span> <span class='ocrx_word' id='word_1_17' title='bbox 571 433 620 458; x_wconf 83' lang='lat' dir='ltr'>ex</span> <span class='ocrx_word' id='word_1_18' title='bbox 637 421 752 457; x_wconf 90' lang='lat' dir='ltr'>unico</span> <span class='ocrx_word' id='word_1_19' title='bbox 767 419 978 466; x_wconf 79' lang='lat' dir='ltr'>specimine</span> <span class='ocrx_word' id='word_1_20' title='bbox 995 419 1089 453; x_wconf 88' lang='lat' dir='ltr'>nota</span> <span class='ocrx_word' id='word_1_21' title='bbox 1104 417 1268 452; x_wconf 85' lang='lat' dir='ltr'>ulterius</span> <span class='ocrx_word' id='word_1_22' title='bbox 1283 414 1569 461; x_wconf 82' lang='lat' dir='ltr'>investiganda,</span> <span class='ocrx_word' id='word_1_23' title='bbox 1584 414 1710 450; x_wconf 85' lang='lat' dir='ltr'>affinis</span> <span class='ocrx_word' id='word_1_24' title='bbox 1726 414 1774 451; x_wconf 81' lang='lat' dir='ltr'>R.</span> <span class='ocrx_word' id='word_1_25' title='bbox 1786 413 1945 461; x_wconf 81' lang='lat' dir='ltr'>Alpinoe</span> 
     </span>
     <span class='ocr_line' id='line_1_4' title="bbox 237 461 1945 513; baseline -0.008 -3"><span class='ocrx_word' id='word_1_26' title='bbox 237 474 308 510; x_wconf 87' lang='lat' dir='ltr'>sed</span> <span class='ocrx_word' id='word_1_27' title='bbox 334 472 518 508; x_wconf 84' lang='lat' dir='ltr'>distincta</span> <span class='ocrx_word' id='word_1_28' title='bbox 551 469 710 505; x_wconf 81' lang='lat' dir='ltr'>caudice</span> <span class='ocrx_word' id='word_1_29' title='bbox 738 469 905 513; x_wconf 84' lang='lat' dir='ltr'>repente,</span> <span class='ocrx_word' id='word_1_30' title='bbox 923 465 1070 500; x_wconf 87' lang='lat' dir='ltr'>foliolis</span> <span class='ocrx_word' id='word_1_31' title='bbox 1097 464 1349 510; x_wconf 76' lang='lat' dir='ltr'>paucioribus</span> <span class='ocrx_word' id='word_1_32' title='bbox 1369 462 1577 498; x_wconf 83' lang='lat' dir='ltr'>latioribus</span> <span class='ocrx_word' id='word_1_33' title='bbox 1609 461 1882 497; x_wconf 89' lang='lat' dir='ltr'>concoloribus</span> <span class='ocrx_word' id='word_1_34' title='bbox 1906 462 1945 497; x_wconf 88' lang='lat' dir='ltr'>et</span> 
     </span>
     <span class='ocr_line' id='line_1_5' title="bbox 238 508 1944 567; baseline -0.008 -11"><span class='ocrx_word' id='word_1_35' title='bbox 238 519 402 567; x_wconf 75' lang='lat' dir='ltr'>glabris,</span> <span class='ocrx_word' id='word_1_36' title='bbox 416 518 569 554; x_wconf 88' lang='lat' dir='ltr'>laciniis</span> <span class='ocrx_word' id='word_1_37' title='bbox 584 515 727 561; x_wconf 81' lang='lat' dir='ltr'>calycis</span> <span class='ocrx_word' id='word_1_38' title='bbox 741 512 997 561; x_wconf 86' lang='lat' dir='ltr'>pinnatifidis.</span> <span class='ocrx_word' id='word_1_39' title='bbox 1026 511 1081 546; x_wconf 91' lang='lat' dir='ltr'>Cl.</span> <span class='ocrx_word' id='word_1_40' title='bbox 1101 511 1275 545; x_wconf 87' lang='lat' dir='ltr'>Balansa</span> <span class='ocrx_word' id='word_1_41' title='bbox 1291 510 1397 545; x_wconf 81' lang='lat' dir='ltr'>misit</span> <span class='ocrx_word' id='word_1_42' title='bbox 1416 520 1464 545; x_wconf 83' lang='lat' dir='ltr'>ex</span> <span class='ocrx_word' id='word_1_43' title='bbox 1481 509 1619 545; x_wconf 87' lang='lat' dir='ltr'>eodem</span> <span class='ocrx_word' id='word_1_44' title='bbox 1641 508 1727 544; x_wconf 93' lang='lat' dir='ltr'>loco</span> <span class='ocrx_word' id='word_1_45' title='bbox 1747 508 1944 555; x_wconf 85' lang='lat' dir='ltr'>specimen</span> 
     </span>
     <span class='ocr_line' id='line_1_6' title="bbox 236 556 1945 603; baseline -0.007 0"><span class='ocrx_word' id='word_1_46' title='bbox 236 567 481 603; x_wconf 84' lang='lat' dir='ltr'>fructiferum</span> <span class='ocrx_word' id='word_1_47' title='bbox 515 564 772 599; x_wconf 77' lang='lat' dir='ltr'>immaturum</span> <span class='ocrx_word' id='word_1_48' title='bbox 805 561 932 596; x_wconf 86' lang='lat' dir='ltr'>fructu</span> <span class='ocrx_word' id='word_1_49' title='bbox 965 561 1100 602; x_wconf 81' lang='lat' dir='ltr'>erecto,</span> <span class='ocrx_word' id='word_1_50' title='bbox 1135 557 1291 593; x_wconf 87' lang='lat' dir='ltr'>laciniis</span> <span class='ocrx_word' id='word_1_51' title='bbox 1325 557 1502 600; x_wconf 76' lang='lat' dir='ltr'>reflexis!‚</span> <span class='ocrx_word' id='word_1_52' title='bbox 1532 556 1601 591; x_wconf 84' lang='lat' dir='ltr'>sed</span> <span class='ocrx_word' id='word_1_53' title='bbox 1626 556 1758 591; x_wconf 82' lang='lat' dir='ltr'>forsan</span> <span class='ocrx_word' id='word_1_54' title='bbox 1784 556 1945 591; x_wconf 84' lang='lat' dir='ltr'>tandem</span> 
     </span>
     <span class='ocr_line' id='line_1_7' title="bbox 237 602 1946 657; baseline -0.008 -7"><span class='ocrx_word' id='word_1_55' title='bbox 237 614 388 657; x_wconf 76' lang='lat' dir='ltr'>erectis,</span> <span class='ocrx_word' id='word_1_56' title='bbox 406 623 496 648; x_wconf 88' lang='lat' dir='ltr'>cum</span> <span class='ocrx_word' id='word_1_57' title='bbox 514 611 639 657; x_wconf 86' lang='lat' dir='ltr'>specie</span> <span class='ocrx_word' id='word_1_58' title='bbox 667 610 711 644; x_wconf 85' lang='lat' dir='ltr'>ut</span> <span class='ocrx_word' id='word_1_59' title='bbox 734 609 889 644; x_wconf 85' lang='lat' dir='ltr'>videtur</span> <span class='ocrx_word' id='word_1_60' title='bbox 906 615 1125 650; x_wconf 68' lang='lat' dir='ltr'>congruens</span> <span class='ocrx_word' id='word_1_61' title='bbox 1144 605 1212 639; x_wconf 90' lang='lat' dir='ltr'>sed</span> <span class='ocrx_word' id='word_1_62' title='bbox 1237 604 1341 650; x_wconf 90' lang='lat' dir='ltr'>quod</span> <span class='ocrx_word' id='word_1_63' title='bbox 1371 604 1423 638; x_wconf 86' lang='lat' dir='ltr'>ob</span> <span class='ocrx_word' id='word_1_64' title='bbox 1447 603 1615 650; x_wconf 83' lang='lat' dir='ltr'>petiolos</span> <span class='ocrx_word' id='word_1_65' title='bbox 1633 602 1946 648; x_wconf 84' lang='lat' dir='ltr'>glanduloso-to·</span> 
     </span>
     <span class='ocr_line' id='line_1_8' title="bbox 237 650 1706 702; baseline -0.009 -5"><span class='ocrx_word' id='word_1_66' title='bbox 237 661 444 697; x_wconf 87' lang='lat' dir='ltr'>mentellos</span> <span class='ocrx_word' id='word_1_67' title='bbox 465 669 536 694; x_wconf 90' lang='lat' dir='ltr'>nec</span> <span class='ocrx_word' id='word_1_68' title='bbox 553 658 631 693; x_wconf 86' lang='lat' dir='ltr'>fere</span> <span class='ocrx_word' id='word_1_69' title='bbox 650 656 809 702; x_wconf 84' lang='lat' dir='ltr'>glabros</span> <span class='ocrx_word' id='word_1_70' title='bbox 828 655 918 690; x_wconf 92' lang='lat' dir='ltr'>huic</span> <span class='ocrx_word' id='word_1_71' title='bbox 936 653 1101 689; x_wconf 82' lang='lat' dir='ltr'>dubiose</span> <span class='ocrx_word' id='word_1_72' title='bbox 1119 653 1275 687; x_wconf 85' lang='lat' dir='ltr'>tanturn</span> <span class='ocrx_word' id='word_1_73' title='bbox 1295 651 1550 686; x_wconf 83' lang='lat' dir='ltr'>adnumerare</span> <span class='ocrx_word' id='word_1_74' title='bbox 1571 650 1706 685; x_wconf 89' lang='lat' dir='ltr'>audeo.</span> 
     </span>
    </p>
   </div>
   <div class='ocr_carea' id='block_1_4' title="bbox 236 807 1949 1344">
    <p class='ocr_par' dir='ltr' id='par_1_4' title="bbox 236 807 1949 1344">
     <span class='ocr_line' id='line_1_9' title="bbox 298 807 1945 869; baseline -0.006 -8"><span class='ocrx_word' id='word_1_75' title='bbox 298 821 339 862; x_wconf 88' lang='grc'>9.</span> <span class='ocrx_word' id='word_1_76' title='bbox 373 817 437 860; x_wconf 79' lang='grc' dir='ltr'>Β.</span> <span class='ocrx_word' id='word_1_77' title='bbox 476 812 766 869; x_wconf 82' lang='lat' dir='ltr'>oxyodon,</span> <span class='ocrx_word' id='word_1_78' title='bbox 815 810 976 854; x_wconf 86' lang='lat' dir='ltr'>aculeis</span> <span class='ocrx_word' id='word_1_79' title='bbox 1023 822 1249 853; x_wconf 89' lang='lat' dir='ltr'>ramorum</span> <span class='ocrx_word' id='word_1_80' title='bbox 1299 811 1575 851; x_wconf 84' lang='lat' dir='ltr'>vetustorum</span> <span class='ocrx_word' id='word_1_81' title='bbox 1621 807 1716 850; x_wconf 83' lang='lat' dir='ltr'>aliis</span> <span class='ocrx_word' id='word_1_82' title='bbox 1759 807 1945 862; x_wconf 85' lang='lat' dir='ltr'>copiosis</span> 
     </span>
     <span class='ocr_line' id='line_1_10' title="bbox 238 865 1946 921; baseline -0.006 0"><span class='ocrx_word' id='word_1_83' title='bbox 238 877 423 921; x_wconf 84' lang='lat' dir='ltr'>setaceis</span> <span class='ocrx_word' id='word_1_84' title='bbox 461 875 592 917; x_wconf 80' lang='lat' dir='ltr'>rectis</span> <span class='ocrx_word' id='word_1_85' title='bbox 629 873 725 914; x_wconf 86' lang='lat' dir='ltr'>aliis</span> <span class='ocrx_word' id='word_1_86' title='bbox 764 865 900 914; x_wconf 79' lang='lat' dir='ltr'>multo</span> <span class='ocrx_word' id='word_1_87' title='bbox 942 869 1228 912; x_wconf 88' lang='lat' dir='ltr'>validioribus</span> <span class='ocrx_word' id='word_1_88' title='bbox 1283 867 1564 910; x_wconf 84' lang='lat' dir='ltr'>subincurvis</span> <span class='ocrx_word' id='word_1_89' title='bbox 1613 865 1707 908; x_wconf 88' lang='lat' dir='ltr'>basi</span> <span class='ocrx_word' id='word_1_90' title='bbox 1757 866 1946 910; x_wconf 79' lang='lat' dir='ltr'>dilatatis</span> 
     </span>
     <span class='ocr_line' id='line_1_11' title="bbox 236 925 1948 988; baseline -0.006 -8"><span class='ocrx_word' id='word_1_91' title='bbox 236 937 383 980; x_wconf 80' lang='lat' dir='ltr'>areola</span> <span class='ocrx_word' id='word_1_92' title='bbox 409 933 611 988; x_wconf 74' lang='lat' dir='ltr'>elliptica,</span> <span class='ocrx_word' id='word_1_93' title='bbox 647 942 869 974; x_wconf 88' lang='lat' dir='ltr'>ramorum</span> <span class='ocrx_word' id='word_1_94' title='bbox 903 929 1129 984; x_wconf 87' lang='lat' dir='ltr'>juniorum</span> <span class='ocrx_word' id='word_1_95' title='bbox 1168 928 1371 969; x_wconf 88' lang='lat' dir='ltr'>omnibus</span> <span class='ocrx_word' id='word_1_96' title='bbox 1406 926 1577 976; x_wconf 84' lang='lat' dir='ltr'>validis,</span> <span class='ocrx_word' id='word_1_97' title='bbox 1606 925 1780 980; x_wconf 80' lang='lat' dir='ltr'>stipulis</span> <span class='ocrx_word' id='word_1_98' title='bbox 1806 938 1948 969; x_wconf 85' lang='lat' dir='ltr'>ramo-</span> 
     </span>
     <span class='ocr_line' id='line_1_12' title="bbox 238 983 1946 1041; baseline -0.006 -2"><span class='ocrx_word' id='word_1_99' title='bbox 238 1008 338 1039; x_wconf 91' lang='lat' dir='ltr'>rum</span> <span class='ocrx_word' id='word_1_100' title='bbox 366 994 658 1037; x_wconf 88' lang='lat' dir='ltr'>ssoriferorum</span> <span class='ocrx_word' id='word_1_101' title='bbox 677 988 967 1041; x_wconf 81' lang='lat' dir='ltr'>subdilatatis‚</span> <span class='ocrx_word' id='word_1_102' title='bbox 997 987 1154 1029; x_wconf 88' lang='lat' dir='ltr'>foliolis</span> <span class='ocrx_word' id='word_1_103' title='bbox 1180 988 1250 1028; x_wconf 80' lang='lat'>5-7</span> <span class='ocrx_word' id='word_1_104' title='bbox 1280 986 1419 1028; x_wconf 83' lang='lat' dir='ltr'>ovatis</span> <span class='ocrx_word' id='word_1_105' title='bbox 1441 997 1576 1038; x_wconf 88' lang='lat' dir='ltr'>supra</span> <span class='ocrx_word' id='word_1_106' title='bbox 1602 983 1766 1038; x_wconf 85' lang='lat' dir='ltr'>glabris</span> <span class='ocrx_word' id='word_1_107' title='bbox 1789 984 1946 1028; x_wconf 81' lang='lat' dir='ltr'>subtus</span> 
     </span>
     <span class='ocr_line' id='line_1_13' title="bbox 239 1043 1947 1108; baseline -0.007 -11"><span class='ocrx_word' id='word_1_108' title='bbox 239 1052 497 1108; x_wconf 84' lang='lat' dir='ltr'>subpallidis</span> <span class='ocrx_word' id='word_1_109' title='bbox 541 1061 668 1105; x_wconf 85' lang='lat' dir='ltr'>parce</span> <span class='ocrx_word' id='word_1_110' title='bbox 709 1052 753 1091; x_wconf 83' lang='lat' dir='ltr'>et</span> <span class='ocrx_word' id='word_1_111' title='bbox 793 1047 848 1090; x_wconf 86' lang='lat' dir='ltr'>ad</span> <span class='ocrx_word' id='word_1_112' title='bbox 884 1059 1046 1089; x_wconf 85' lang='lat' dir='ltr'>nervos</span> <span class='ocrx_word' id='word_1_113' title='bbox 1087 1046 1332 1100; x_wconf 85' lang='lat' dir='ltr'>praesertim</span> <span class='ocrx_word' id='word_1_114' title='bbox 1361 1043 1589 1099; x_wconf 85' lang='lat' dir='ltr'>puberulis</span> <span class='ocrx_word' id='word_1_115' title='bbox 1624 1056 1648 1085; x_wconf 87' lang='lat' dir='ltr'>a</span> <span class='ocrx_word' id='word_1_116' title='bbox 1675 1043 1803 1086; x_wconf 79' lang='lat' dir='ltr'>tertia</span> <span class='ocrx_word' id='word_1_117' title='bbox 1823 1047 1947 1097; x_wconf 86' lang='lat' dir='ltr'>parte</span> 
     </span>
     <span class='ocr_line' id='line_1_14' title="bbox 238 1103 1949 1157; baseline -0.008 -1"><span class='ocrx_word' id='word_1_118' title='bbox 238 1113 435 1156; x_wconf 88' lang='lat' dir='ltr'>inferiori</span> <span class='ocrx_word' id='word_1_119' title='bbox 458 1121 639 1153; x_wconf 89' lang='lat' dir='ltr'>sursum</span> <span class='ocrx_word' id='word_1_120' title='bbox 671 1107 923 1150; x_wconf 80' lang='lat' dir='ltr'>acutissime</span> <span class='ocrx_word' id='word_1_121' title='bbox 959 1104 1287 1153; x_wconf 80' lang='lat' dir='ltr'>subbiserratis,</span> <span class='ocrx_word' id='word_1_122' title='bbox 1323 1103 1506 1146; x_wconf 88' lang='lat' dir='ltr'>floribus</span> <span class='ocrx_word' id='word_1_123' title='bbox 1534 1103 1754 1154; x_wconf 74' lang='lat' dir='ltr'>solitariis⁷</span> <span class='ocrx_word' id='word_1_124' title='bbox 1779 1103 1949 1157; x_wconf 87' lang='lat' dir='ltr'>pedun-</span> 
     </span>
     <span class='ocr_line' id='line_1_15' title="bbox 239 1162 1949 1224; baseline -0.007 -10"><span class='ocrx_word' id='word_1_125' title='bbox 239 1172 349 1215; x_wconf 89' lang='lat' dir='ltr'>culis</span> <span class='ocrx_word' id='word_1_126' title='bbox 369 1170 617 1224; x_wconf 78' lang='lat' dir='ltr'>&#39;calycisque</span> <span class='ocrx_word' id='word_1_127' title='bbox 641 1166 746 1209; x_wconf 86' lang='lat' dir='ltr'>tubo</span> <span class='ocrx_word' id='word_1_128' title='bbox 767 1166 948 1219; x_wconf 82' lang='lat' dir='ltr'>oblongo</span> <span class='ocrx_word' id='word_1_129' title='bbox 970 1165 1015 1206; x_wconf 89' lang='lat' dir='ltr'>in</span> <span class='ocrx_word' id='word_1_130' title='bbox 1044 1164 1203 1206; x_wconf 88' lang='lat' dir='ltr'>collum</span> <span class='ocrx_word' id='word_1_131' title='bbox 1224 1166 1446 1205; x_wconf 82' lang='lat' dir='ltr'>attenuato</span> <span class='ocrx_word' id='word_1_132' title='bbox 1473 1162 1573 1216; x_wconf 90' lang='lat' dir='ltr'>plus</span> <span class='ocrx_word' id='word_1_133' title='bbox 1599 1162 1743 1204; x_wconf 89' lang='lat' dir='ltr'>minus</span> <span class='ocrx_word' id='word_1_134' title='bbox 1767 1162 1949 1215; x_wconf 85' lang='lat' dir='ltr'>glandu-</span> 
     </span>
     <span class='ocr_line' id='line_1_16' title="bbox 238 1220 1948 1283; baseline -0.006 -10"><span class='ocrx_word' id='word_1_135' title='bbox 238 1228 553 1283; x_wconf 71' lang='lat' dir='ltr'>msc-hispidis,</span> <span class='ocrx_word' id='word_1_136' title='bbox 597 1226 764 1268; x_wconf 88' lang='lat' dir='ltr'>laciniis</span> <span class='ocrx_word' id='word_1_137' title='bbox 810 1226 935 1277; x_wconf 85' lang='lat' dir='ltr'>longe</span> <span class='ocrx_word' id='word_1_138' title='bbox 986 1223 1181 1266; x_wconf 81' lang='lat' dir='ltr'>caudatis</span> <span class='ocrx_word' id='word_1_139' title='bbox 1232 1221 1695 1276; x_wconf 82' lang='lat' dir='ltr'>glanduloso-hispidis</span> <span class='ocrx_word' id='word_1_140' title='bbox 1747 1220 1948 1263; x_wconf 76' lang='lat' dir='ltr'>indIVisis</span> 
     </span>
     <span class='ocr_line' id='line_1_17' title="bbox 239 1284 932 1344; baseline -0.007 -12"><span class='ocrx_word' id='word_1_141' title='bbox 239 1290 382 1344; x_wconf 84' lang='lat' dir='ltr'>petala</span> <span class='ocrx_word' id='word_1_142' title='bbox 409 1299 535 1330; x_wconf 88' lang='lat' dir='ltr'>rosea</span> <span class='ocrx_word' id='word_1_143' title='bbox 560 1284 874 1339; x_wconf 80' lang='lat' dir='ltr'>superantibus</span> <span class='ocrx_word' id='word_1_144' title='bbox 897 1289 932 1332; x_wconf 72' lang='grc'>5.</span> 
     </span>
    </p>
   </div>
   <div class='ocr_carea' id='block_1_5' title="bbox 242 1353 1950 1453">
    <p class='ocr_par' dir='ltr' id='par_1_5' title="bbox 242 1353 1950 1453">
     <span class='ocr_line' id='line_1_18' title="bbox 287 1353 1950 1403; baseline -0.005 -6"><span class='ocrx_word' id='word_1_145' title='bbox 287 1362 385 1398; x_wconf 89' lang='lat' dir='ltr'>Hab.</span> <span class='ocrx_word' id='word_1_146' title='bbox 405 1362 446 1397; x_wconf 89' lang='lat' dir='ltr'>in</span> <span class='ocrx_word' id='word_1_147' title='bbox 464 1359 676 1396; x_wconf 76' lang='lat' dir='ltr'>Tuschetia</span> <span class='ocrx_word' id='word_1_148' title='bbox 694 1357 858 1393; x_wconf 80' lang='lat' dir='ltr'>Caucasi</span> <span class='ocrx_word' id='word_1_149' title='bbox 877 1356 1088 1392; x_wconf 88' lang='lat' dir='ltr'>Orientalis</span> <span class='ocrx_word' id='word_1_150' title='bbox 1106 1366 1228 1403; x_wconf 82' lang='lat' dir='ltr'>prope</span> <span class='ocrx_word' id='word_1_151' title='bbox 1245 1365 1394 1402; x_wconf 82' lang='lat' dir='ltr'>pagum</span> <span class='ocrx_word' id='word_1_152' title='bbox 1410 1353 1649 1401; x_wconf 87' lang='lat' dir='ltr'>Tpheschka</span> <span class='ocrx_word' id='word_1_153' title='bbox 1668 1353 1775 1389; x_wconf 89' lang='lat' dir='ltr'>haud</span> <span class='ocrx_word' id='word_1_154' title='bbox 1792 1353 1910 1400; x_wconf 84' lang='lat' dir='ltr'>longe</span> <span class='ocrx_word' id='word_1_155' title='bbox 1925 1364 1950 1389; x_wconf 85' lang='lat' dir='ltr'>a</span> 
     </span>
     <span class='ocr_line' id='line_1_19' title="bbox 242 1405 768 1453; baseline -0.013 -7"><span class='ocrx_word' id='word_1_156' title='bbox 242 1410 356 1446; x_wconf 82' lang='lat' dir='ltr'>Dan&#39;o</span> <span class='ocrx_word' id='word_1_157' title='bbox 377 1408 480 1444; x_wconf 82' lang='lat'>6000&#39;</span> <span class='ocrx_word' id='word_1_158' title='bbox 505 1405 768 1453; x_wconf 82' lang='lat' dir='ltr'>(Ruprechtl).</span> 
     </span>
    </p>
   </div>
   <div class='ocr_carea' id='block_1_6' title="bbox 238 1465 1950 1646">
    <p class='ocr_par' dir='ltr' id='par_1_6' title="bbox 238 1465 1950 1646">
     <span class='ocr_line' id='line_1_20' title="bbox 298 1465 1950 1528; baseline -0.003 -13"><span class='ocrx_word' id='word_1_159' title='bbox 298 1474 341 1528; x_wconf 82' lang='grc' dir='ltr'>β.</span> <span class='ocrx_word' id='word_1_160' title='bbox 361 1470 605 1527; x_wconf 76' lang='lat' dir='ltr'>pleiantha.</span> <span class='ocrx_word' id='word_1_161' title='bbox 637 1495 687 1500; x_wconf 65' lang='grc'>»-</span> <span class='ocrx_word' id='word_1_162' title='bbox 716 1469 868 1512; x_wconf 88' lang='lat' dir='ltr'>Aculei</span> <span class='ocrx_word' id='word_1_163' title='bbox 908 1481 1058 1511; x_wconf 87' lang='lat' dir='ltr'>omnes</span> <span class='ocrx_word' id='word_1_164' title='bbox 1106 1469 1349 1510; x_wconf 87' lang='lat' dir='ltr'>conformes</span> <span class='ocrx_word' id='word_1_165' title='bbox 1389 1465 1660 1509; x_wconf 89' lang='lat' dir='ltr'>subincurvi.</span> <span class='ocrx_word' id='word_1_166' title='bbox 1698 1466 1850 1509; x_wconf 87' lang='lat' dir='ltr'>Flores</span> <span class='ocrx_word' id='word_1_167' title='bbox 1879 1466 1950 1510; x_wconf 87' lang='lat' dir='ltr'>vel</span> 
     </span>
     <span class='ocr_line' id='line_1_21' title="bbox 238 1525 1949 1646; baseline -0.005 -71"><span class='ocrx_word' id='word_1_168' title='bbox 238 1532 517 1646; x_wconf 51' lang='grc' dir='ltr'>Ξῗὲίἑὲἱίὶίῡέἒ</span> <span class='ocrx_word' id='word_1_169' title='bbox 545 1529 701 1582; x_wconf 63' lang='grc' dir='ltr'>Ξ-Β-υἰ,</span> <span class='ocrx_word' id='word_1_170' title='bbox 724 1528 959 1583; x_wconf 87' lang='lat' dir='ltr'>pedunculi</span> <span class='ocrx_word' id='word_1_171' title='bbox 986 1531 1028 1569; x_wconf 85' lang='lat' dir='ltr'>et</span> <span class='ocrx_word' id='word_1_172' title='bbox 1054 1527 1202 1569; x_wconf 85' lang='lat' dir='ltr'>ovaria</span> <span class='ocrx_word' id='word_1_173' title='bbox 1236 1526 1398 1580; x_wconf 64' lang='lat' dir='ltr'>glabra.</span> <span class='ocrx_word' id='word_1_174' title='bbox 1436 1525 1592 1580; x_wconf 83' lang='lat' dir='ltr'>calycis</span> <span class='ocrx_word' id='word_1_175' title='bbox 1623 1525 1789 1568; x_wconf 80' lang='lat' dir='ltr'>laciniae</span> <span class='ocrx_word' id='word_1_176' title='bbox 1820 1537 1949 1579; x_wconf 89' lang='lat' dir='ltr'>parce</span> 
     </span>
    </p>
   </div>
   <div class='ocr_carea' id='block_1_7' title="bbox 287 1659 1406 1709">
    <p class='ocr_par' dir='ltr' id='par_1_7' title="bbox 287 1659 1406 1709">
     <span class='ocr_line' id='line_1_22' title="bbox 287 1659 1406 1709; baseline -0.005 -8"><span class='ocrx_word' id='word_1_177' title='bbox 287 1665 390 1701; x_wconf 89' lang='lat' dir='ltr'>Hab.</span> <span class='ocrx_word' id='word_1_178' title='bbox 408 1665 449 1700; x_wconf 90' lang='lat' dir='ltr'>in</span> <span class='ocrx_word' id='word_1_179' title='bbox 468 1661 740 1709; x_wconf 81' lang='lat' dir='ltr'>Daghestania</span> <span class='ocrx_word' id='word_1_180' title='bbox 759 1660 810 1696; x_wconf 87' lang='lat' dir='ltr'>ad</span> <span class='ocrx_word' id='word_1_181' title='bbox 828 1660 963 1696; x_wconf 86' lang='lat' dir='ltr'>Gunib</span> <span class='ocrx_word' id='word_1_182' title='bbox 981 1659 1021 1695; x_wconf 91' lang='lat' dir='ltr'>in</span> <span class='ocrx_word' id='word_1_183' title='bbox 1040 1660 1215 1696; x_wconf 85' lang='lat' dir='ltr'>betuleto</span> <span class='ocrx_word' id='word_1_184' title='bbox 1236 1660 1406 1706; x_wconf 86' lang='lat' dir='ltr'>(Ruprl).</span> 
     </span>
    </p>
   </div>
   <div class='ocr_carea' id='block_1_8' title="bbox 242 1723 1949 1822">
    <p class='ocr_par' dir='ltr' id='par_1_8' title="bbox 242 1723 1949 1822">
     <span class='ocr_line' id='line_1_23' title="bbox 290 1723 1949 1772; baseline -0.004 -7"><span class='ocrx_word' id='word_1_185' title='bbox 290 1729 348 1765; x_wconf 83' lang='lat' dir='ltr'>Ex</span> <span class='ocrx_word' id='word_1_186' title='bbox 367 1729 553 1764; x_wconf 82' lang='lat' dir='ltr'>affinitate</span> <span class='ocrx_word' id='word_1_187' title='bbox 571 1726 619 1763; x_wconf 82' lang='lat' dir='ltr'>R.</span> <span class='ocrx_word' id='word_1_188' title='bbox 641 1723 809 1772; x_wconf 68' lang='lat' dir='ltr'>Alpinae,</span> <span class='ocrx_word' id='word_1_189' title='bbox 832 1724 977 1760; x_wconf 88' lang='lat' dir='ltr'>foliolis</span> <span class='ocrx_word' id='word_1_190' title='bbox 1004 1735 1174 1771; x_wconf 87' lang='lat' dir='ltr'>superne</span> <span class='ocrx_word' id='word_1_191' title='bbox 1205 1727 1340 1770; x_wconf 79' lang='lat' dir='ltr'>argute</span> <span class='ocrx_word' id='word_1_192' title='bbox 1371 1724 1529 1760; x_wconf 83' lang='lat' dir='ltr'>serratis</span> <span class='ocrx_word' id='word_1_193' title='bbox 1553 1723 1785 1770; x_wconf 86' lang='lat' dir='ltr'>laciniisque</span> <span class='ocrx_word' id='word_1_194' title='bbox 1801 1723 1949 1770; x_wconf 87' lang='lat' dir='ltr'>calycis</span> 
     </span>
     <span class='ocr_line' id='line_1_24' title="bbox 242 1771 1778 1822; baseline -0.005 -9"><span class='ocrx_word' id='word_1_195' title='bbox 242 1777 359 1813; x_wconf 88' lang='lat' dir='ltr'>dorso</span> <span class='ocrx_word' id='word_1_196' title='bbox 379 1773 627 1822; x_wconf 82' lang='lat' dir='ltr'>glandulosis</span> <span class='ocrx_word' id='word_1_197' title='bbox 646 1773 762 1818; x_wconf 83' lang='lat' dir='ltr'>longe</span> <span class='ocrx_word' id='word_1_198' title='bbox 780 1774 816 1807; x_wconf 90' lang='lat' dir='ltr'>et</span> <span class='ocrx_word' id='word_1_199' title='bbox 835 1775 999 1818; x_wconf 77' lang='lat' dir='ltr'>anguste</span> <span class='ocrx_word' id='word_1_200' title='bbox 1022 1772 1200 1807; x_wconf 80' lang='lat' dir='ltr'>caudatis</span> <span class='ocrx_word' id='word_1_201' title='bbox 1223 1772 1403 1818; x_wconf 86' lang='lat' dir='ltr'>insignis.</span> <span class='ocrx_word' id='word_1_202' title='bbox 1424 1771 1589 1808; x_wconf 81' lang='lat' dir='ltr'>Fructus</span> <span class='ocrx_word' id='word_1_203' title='bbox 1608 1771 1778 1817; x_wconf 83' lang='lat' dir='ltr'>ignotus.</span> 
     </span>
    </p>
   </div>
   <div class='ocr_carea' id='block_1_9' title="bbox 239 1936 1951 2345">
    <p class='ocr_par' dir='ltr' id='par_1_9' title="bbox 239 1936 1951 2345">
     <span class='ocr_line' id='line_1_25' title="bbox 305 1936 1944 1994; baseline -0.003 -12"><span class='ocrx_word' id='word_1_204' title='bbox 305 1942 370 1982; x_wconf 85' lang='lat'>10.</span> <span class='ocrx_word' id='word_1_205' title='bbox 404 1939 464 1982; x_wconf 85' lang='lat' dir='ltr'>R.</span> <span class='ocrx_word' id='word_1_206' title='bbox 489 1938 799 1994; x_wconf 81' lang='lat' dir='ltr'>oplisthes‚</span> <span class='ocrx_word' id='word_1_207' title='bbox 826 1939 1098 1993; x_wconf 80' lang='lat' dir='ltr'>glaberrima,</span> <span class='ocrx_word' id='word_1_208' title='bbox 1124 1939 1284 1981; x_wconf 81' lang='lat' dir='ltr'>aculeis</span> <span class='ocrx_word' id='word_1_209' title='bbox 1319 1937 1522 1981; x_wconf 85' lang='lat' dir='ltr'>omnibus</span> <span class='ocrx_word' id='word_1_210' title='bbox 1550 1936 1844 1979; x_wconf 85' lang='lat' dir='ltr'>conformibus</span> <span class='ocrx_word' id='word_1_211' title='bbox 1868 1948 1944 1978; x_wconf 87' lang='lat' dir='ltr'>va-</span> 
     </span>
     <span class='ocr_line' id='line_1_26' title="bbox 241 1994 1947 2052; baseline -0.004 -9"><span class='ocrx_word' id='word_1_212' title='bbox 241 2000 342 2044; x_wconf 87' lang='lat' dir='ltr'>lidis</span> <span class='ocrx_word' id='word_1_213' title='bbox 370 1998 653 2042; x_wconf 85' lang='lat' dir='ltr'>subincurvis</span> <span class='ocrx_word' id='word_1_214' title='bbox 674 1998 769 2040; x_wconf 89' lang='lat' dir='ltr'>basi</span> <span class='ocrx_word' id='word_1_215' title='bbox 795 1998 1046 2040; x_wconf 84' lang='lat' dir='ltr'>incrassatis</span> <span class='ocrx_word' id='word_1_216' title='bbox 1073 1999 1219 2040; x_wconf 80' lang='lat' dir='ltr'>areola</span> <span class='ocrx_word' id='word_1_217' title='bbox 1246 1997 1449 2052; x_wconf 65' lang='lat' dir='ltr'>ellim-ica,</span> <span class='ocrx_word' id='word_1_218' title='bbox 1466 1996 1624 2039; x_wconf 88' lang='lat' dir='ltr'>foliolis</span> <span class='ocrx_word' id='word_1_219' title='bbox 1643 1996 1782 2039; x_wconf 78' lang='lat' dir='ltr'>ovatis</span> <span class='ocrx_word' id='word_1_220' title='bbox 1809 1994 1947 2037; x_wconf 84' lang='lat' dir='ltr'>firmis</span> 
     </span>
     <span class='ocr_line' id='line_1_27' title="bbox 241 2053 1951 2113; baseline -0.004 -11"><span class='ocrx_word' id='word_1_221' title='bbox 241 2060 394 2113; x_wconf 82' lang='lat' dir='ltr'>argute</span> <span class='ocrx_word' id='word_1_222' title='bbox 419 2060 463 2099; x_wconf 87' lang='lat' dir='ltr'>ct</span> <span class='ocrx_word' id='word_1_223' title='bbox 487 2056 741 2111; x_wconf 87' lang='lat' dir='ltr'>simpliciter</span> <span class='ocrx_word' id='word_1_224' title='bbox 766 2057 962 2109; x_wconf 79' lang='lat' dir='ltr'>serratis,</span> <span class='ocrx_word' id='word_1_225' title='bbox 990 2057 1166 2111; x_wconf 84' lang='lat' dir='ltr'>stipulis</span> <span class='ocrx_word' id='word_1_226' title='bbox 1192 2068 1416 2099; x_wconf 89' lang='lat' dir='ltr'>ramorum</span> <span class='ocrx_word' id='word_1_227' title='bbox 1438 2055 1736 2100; x_wconf 83' lang='lat' dir='ltr'>floriferorum</span> <span class='ocrx_word' id='word_1_228' title='bbox 1757 2053 1951 2097; x_wconf 86' lang='lat' dir='ltr'>subdila-</span> 
     </span>
     <span class='ocr_line' id='line_1_28' title="bbox 239 2113 1948 2171; baseline -0.004 -10"><span class='ocrx_word' id='word_1_229' title='bbox 239 2119 356 2171; x_wconf 68' lang='lat' dir='ltr'>tatis,</span> <span class='ocrx_word' id='word_1_230' title='bbox 379 2117 564 2159; x_wconf 87' lang='lat' dir='ltr'>floribus</span> <span class='ocrx_word' id='word_1_231' title='bbox 587 2116 791 2158; x_wconf 85' lang='lat' dir='ltr'>solitariis</span> <span class='ocrx_word' id='word_1_232' title='bbox 819 2116 965 2158; x_wconf 86' lang='lat' dir='ltr'>rarius</span> <span class='ocrx_word' id='word_1_233' title='bbox 995 2116 1121 2168; x_wconf 74' lang='lat' dir='ltr'>binis,</span> <span class='ocrx_word' id='word_1_234' title='bbox 1144 2115 1405 2170; x_wconf 89' lang='lat' dir='ltr'>pedunculis</span> <span class='ocrx_word' id='word_1_235' title='bbox 1429 2115 1674 2169; x_wconf 86' lang='lat' dir='ltr'>calycisque</span> <span class='ocrx_word' id='word_1_236' title='bbox 1695 2113 1800 2156; x_wconf 84' lang='lat' dir='ltr'>tubo</span> <span class='ocrx_word' id='word_1_237' title='bbox 1822 2114 1948 2156; x_wconf 87' lang='lat' dir='ltr'>ovato</span> 
     </span>
     <span class='ocr_line' id='line_1_29' title="bbox 240 2171 1948 2229; baseline -0.004 -9"><span class='ocrx_word' id='word_1_238' title='bbox 240 2176 417 2220; x_wconf 87' lang='lat' dir='ltr'>aciculis</span> <span class='ocrx_word' id='word_1_239' title='bbox 453 2174 723 2229; x_wconf 83' lang='lat' dir='ltr'>glandulosis</span> <span class='ocrx_word' id='word_1_240' title='bbox 761 2175 914 2217; x_wconf 89' lang='lat' dir='ltr'>crebre</span> <span class='ocrx_word' id='word_1_241' title='bbox 951 2176 1144 2224; x_wconf 68' lang='lat' dir='ltr'>armatis,</span> <span class='ocrx_word' id='word_1_242' title='bbox 1180 2175 1348 2217; x_wconf 86' lang='lat' dir='ltr'>laciniis</span> <span class='ocrx_word' id='word_1_243' title='bbox 1382 2175 1507 2228; x_wconf 84' lang='lat' dir='ltr'>longe</span> <span class='ocrx_word' id='word_1_244' title='bbox 1540 2173 1738 2216; x_wconf 77' lang='lat' dir='ltr'>caudatis</span> <span class='ocrx_word' id='word_1_245' title='bbox 1765 2175 1809 2215; x_wconf 81' lang='lat' dir='ltr'>et</span> <span class='ocrx_word' id='word_1_246' title='bbox 1829 2171 1948 2226; x_wconf 83' lang='lat' dir='ltr'>apice</span> 
     </span>
     <span class='ocr_line' id='line_1_30' title="bbox 241 2230 1949 2288; baseline -0.003 -11"><span class='ocrx_word' id='word_1_247' title='bbox 241 2234 517 2279; x_wconf 71' lang='lat' dir='ltr'>subdilatatis</span> <span class='ocrx_word' id='word_1_248' title='bbox 545 2233 736 2288; x_wconf 81' lang='lat' dir='ltr'>pinnatis</span> <span class='ocrx_word' id='word_1_249' title='bbox 766 2234 896 2276; x_wconf 86' lang='lat' dir='ltr'>dorso</span> <span class='ocrx_word' id='word_1_250' title='bbox 922 2234 1205 2286; x_wconf 76' lang='lat' dir='ltr'>glandulosis,</span> <span class='ocrx_word' id='word_1_251' title='bbox 1228 2234 1382 2288; x_wconf 85' lang='lat' dir='ltr'>petalis</span> <span class='ocrx_word' id='word_1_252' title='bbox 1409 2233 1563 2285; x_wconf 85' lang='lat' dir='ltr'>roseis,</span> <span class='ocrx_word' id='word_1_253' title='bbox 1590 2233 1737 2275; x_wconf 84' lang='lat' dir='ltr'>fructu</span> <span class='ocrx_word' id='word_1_254' title='bbox 1768 2230 1949 2285; x_wconf 85' lang='lat' dir='ltr'>praecoci</span> 
     </span>
     <span class='ocr_line' id='line_1_31' title="bbox 241 2293 1709 2345; baseline -0.004 -8"><span class='ocrx_word' id='word_1_255' title='bbox 241 2294 413 2338; x_wconf 81' lang='lat' dir='ltr'>nutanti</span> <span class='ocrx_word' id='word_1_256' title='bbox 437 2293 633 2335; x_wconf 85' lang='lat' dir='ltr'>coccineo</span> <span class='ocrx_word' id='word_1_257' title='bbox 662 2293 828 2335; x_wconf 88' lang='lat' dir='ltr'>laciniis</span> <span class='ocrx_word' id='word_1_258' title='bbox 853 2293 1057 2345; x_wconf 82' lang='lat' dir='ltr'>calycinis</span> <span class='ocrx_word' id='word_1_259' title='bbox 1085 2293 1419 2336; x_wconf 84' lang='lat' dir='ltr'>conniventibus</span> <span class='ocrx_word' id='word_1_260' title='bbox 1447 2294 1650 2335; x_wconf 85' lang='lat' dir='ltr'>coronato</span> <span class='ocrx_word' id='word_1_261' title='bbox 1674 2297 1709 2339; x_wconf 78' lang='grc'>5.</span> 
     </span>
    </p>
   </div>
   <div class='ocr_carea' id='block_1_10' title="bbox 241 2362 1949 2460">
    <p class='ocr_par' dir='ltr' id='par_1_10' title="bbox 241 2362 1949 2460">
     <span class='ocr_line' id='line_1_32' title="bbox 289 2362 1949 2412; baseline -0.003 -9"><span class='ocrx_word' id='word_1_262' title='bbox 289 2367 389 2403; x_wconf 87' lang='lat' dir='ltr'>Hab.</span> <span class='ocrx_word' id='word_1_263' title='bbox 408 2367 450 2401; x_wconf 90' lang='lat' dir='ltr'>in</span> <span class='ocrx_word' id='word_1_264' title='bbox 469 2366 643 2401; x_wconf 85' lang='lat' dir='ltr'>Caucaso</span> <span class='ocrx_word' id='word_1_265' title='bbox 666 2366 857 2406; x_wconf 80' lang='lat' dir='ltr'>orientali,</span> <span class='ocrx_word' id='word_1_266' title='bbox 876 2366 1146 2412; x_wconf 82' lang='lat' dir='ltr'>Daghestania</span> <span class='ocrx_word' id='word_1_267' title='bbox 1164 2367 1264 2401; x_wconf 85' lang='lat' dir='ltr'>inter</span> <span class='ocrx_word' id='word_1_268' title='bbox 1278 2365 1530 2401; x_wconf 82' lang='lat' dir='ltr'>Chuschtada</span> <span class='ocrx_word' id='word_1_269' title='bbox 1547 2367 1585 2400; x_wconf 86' lang='lat' dir='ltr'>et</span> <span class='ocrx_word' id='word_1_270' title='bbox 1602 2363 1722 2399; x_wconf 90' lang='lat' dir='ltr'>Tindi</span> <span class='ocrx_word' id='word_1_271' title='bbox 1740 2362 1843 2400; x_wconf 78' lang='lat'>5000’</span> <span class='ocrx_word' id='word_1_272' title='bbox 1858 2364 1895 2398; x_wconf 85' lang='lat' dir='ltr'>et</span> <span class='ocrx_word' id='word_1_273' title='bbox 1909 2362 1949 2398; x_wconf 90' lang='lat' dir='ltr'>in</span> 
     </span>
     <span class='ocr_line' id='line_1_33' title="bbox 241 2413 1124 2460; baseline -0.002 -10"><span class='ocrx_word' id='word_1_274' title='bbox 241 2415 461 2450; x_wconf 82' lang='lat' dir='ltr'>Pschawiae</span> <span class='ocrx_word' id='word_1_275' title='bbox 483 2416 615 2448; x_wconf 84' lang='lat' dir='ltr'>monte</span> <span class='ocrx_word' id='word_1_276' title='bbox 635 2413 807 2449; x_wconf 74' lang='lat' dir='ltr'>Boi-balo</span> <span class='ocrx_word' id='word_1_277' title='bbox 825 2414 930 2450; x_wconf 82' lang='lat'><em>6000‘</em></span> <span class='ocrx_word' id='word_1_278' title='bbox 951 2414 1124 2460; x_wconf 52' lang='lat' dir='ltr'>[Ruprly</span> 
     </span>
    </p>
   </div>
   <div class='ocr_carea' id='block_1_11' title="bbox 240 2473 1948 2619">
    <p class='ocr_par' dir='ltr' id='par_1_11' title="bbox 240 2473 1948 2619">
     <span class='ocr_line' id='line_1_34' title="bbox 288 2473 1948 2524; baseline -0.004 -9"><span class='ocrx_word' id='word_1_279' title='bbox 288 2479 428 2516; x_wconf 85' lang='lat' dir='ltr'>Affinis</span> <span class='ocrx_word' id='word_1_280' title='bbox 446 2478 493 2516; x_wconf 81' lang='lat' dir='ltr'>R.</span> <span class='ocrx_word' id='word_1_281' title='bbox 512 2477 732 2524; x_wconf 75' lang='lat' dir='ltr'>ooeyodonti</span> <span class='ocrx_word' id='word_1_282' title='bbox 745 2478 854 2523; x_wconf 88' lang='lat' dir='ltr'>cujus</span> <span class='ocrx_word' id='word_1_283' title='bbox 873 2478 1005 2513; x_wconf 83' lang='lat' dir='ltr'>forsan</span> <span class='ocrx_word' id='word_1_284' title='bbox 1024 2477 1149 2513; x_wconf 85' lang='lat' dir='ltr'>forma</span> <span class='ocrx_word' id='word_1_285' title='bbox 1168 2477 1236 2513; x_wconf 83' lang='lat' dir='ltr'>sed</span> <span class='ocrx_word' id='word_1_286' title='bbox 1263 2477 1388 2513; x_wconf 88' lang='lat' dir='ltr'>aculei</span> <span class='ocrx_word' id='word_1_287' title='bbox 1419 2477 1651 2518; x_wconf 82' lang='lat' dir='ltr'>conformes,</span> <span class='ocrx_word' id='word_1_288' title='bbox 1675 2475 1770 2511; x_wconf 85' lang='lat' dir='ltr'>folia</span> <span class='ocrx_word' id='word_1_289' title='bbox 1796 2473 1948 2520; x_wconf 86' lang='lat' dir='ltr'>simpli-</span> 
     </span>
     <span class='ocr_line' id='line_1_35' title="bbox 241 2522 1947 2570; baseline -0.004 -7"><span class='ocrx_word' id='word_1_290' title='bbox 241 2527 336 2563; x_wconf 80' lang='lat' dir='ltr'>citer</span> <span class='ocrx_word' id='word_1_291' title='bbox 354 2529 511 2567; x_wconf 81' lang='lat' dir='ltr'>serrata,</span> <span class='ocrx_word' id='word_1_292' title='bbox 530 2525 674 2570; x_wconf 77' lang='lat' dir='ltr'>calycis</span> <span class='ocrx_word' id='word_1_293' title='bbox 693 2525 813 2560; x_wconf 82' lang='lat' dir='ltr'>tubus</span> <span class='ocrx_word' id='word_1_294' title='bbox 831 2526 951 2561; x_wconf 83' lang='lat' dir='ltr'>dense</span> <span class='ocrx_word' id='word_1_295' title='bbox 977 2527 1014 2560; x_wconf 90' lang='lat' dir='ltr'>et</span> <span class='ocrx_word' id='word_1_296' title='bbox 1039 2525 1157 2570; x_wconf 80' lang='lat' dir='ltr'>longe</span> <span class='ocrx_word' id='word_1_297' title='bbox 1185 2525 1399 2560; x_wconf 81' lang='lat' dir='ltr'>aciculatus</span> <span class='ocrx_word' id='word_1_298' title='bbox 1425 2524 1579 2560; x_wconf 88' lang='lat' dir='ltr'>laciniis</span> <span class='ocrx_word' id='word_1_299' title='bbox 1609 2523 1793 2570; x_wconf 84' lang='lat' dir='ltr'>pinnatis.</span> <span class='ocrx_word' id='word_1_300' title='bbox 1812 2522 1947 2557; x_wconf 86' lang='lat' dir='ltr'>Flores</span> 
     </span>
     <span class='ocr_line' id='line_1_36' title="bbox 240 2569 1948 2619; baseline -0.004 -10"><span class='ocrx_word' id='word_1_301' title='bbox 240 2584 370 2619; x_wconf 83' lang='lat' dir='ltr'>magn.</span> <span class='ocrx_word' id='word_1_302' title='bbox 383 2573 430 2610; x_wconf 78' lang='lat' dir='ltr'>R.</span> <span class='ocrx_word' id='word_1_303' title='bbox 446 2572 610 2609; x_wconf 68' lang='lat' dir='ltr'>caninae.</span> <span class='ocrx_word' id='word_1_304' title='bbox 627 2572 689 2607; x_wconf 88' lang='lat' dir='ltr'>Ab</span> <span class='ocrx_word' id='word_1_305' title='bbox 704 2572 811 2607; x_wconf 90' lang='lat' dir='ltr'>affini</span> <span class='ocrx_word' id='word_1_306' title='bbox 829 2572 876 2609; x_wconf 81' lang='lat' dir='ltr'>R.</span> <span class='ocrx_word' id='word_1_307' title='bbox 896 2571 1123 2619; x_wconf 75' lang='lat' dir='ltr'>Djimilensz&#39;</span> <span class='ocrx_word' id='word_1_308' title='bbox 1138 2572 1282 2608; x_wconf 88' lang='lat' dir='ltr'>aculeis</span> <span class='ocrx_word' id='word_1_309' title='bbox 1302 2572 1445 2608; x_wconf 87' lang='lat' dir='ltr'>validis</span> <span class='ocrx_word' id='word_1_310' title='bbox 1460 2571 1709 2607; x_wconf 88' lang='lat' dir='ltr'>subincurvis</span> <span class='ocrx_word' id='word_1_311' title='bbox 1729 2569 1948 2605; x_wconf 70' lang='lat' dir='ltr'>discedens.</span> 
     </span>
    </p>
   </div>
   <div class='ocr_carea' id='block_1_12' title="bbox 239 2726 1948 3077">
    <p class='ocr_par' dir='ltr' id='par_1_12' title="bbox 239 2726 1948 3077">
     <span class='ocr_line' id='line_1_37' title="bbox 305 2726 1948 2780; baseline -0.002 -9"><span class='ocrx_word' id='word_1_312' title='bbox 305 2730 372 2771; x_wconf 85' lang='lat'>11.</span> <span class='ocrx_word' id='word_1_313' title='bbox 407 2729 466 2771; x_wconf 82' lang='lat' dir='ltr'>R.</span> <span class='ocrx_word' id='word_1_314' title='bbox 492 2728 765 2780; x_wconf 80' lang='lat' dir='ltr'>Armena,</span> <span class='ocrx_word' id='word_1_315' title='bbox 789 2727 949 2769; x_wconf 87' lang='lat' dir='ltr'>aculeis</span> <span class='ocrx_word' id='word_1_316' title='bbox 988 2727 1041 2769; x_wconf 87' lang='lat' dir='ltr'>ad</span> <span class='ocrx_word' id='word_1_317' title='bbox 1079 2740 1223 2770; x_wconf 83' lang='lat' dir='ltr'>ramos</span> <span class='ocrx_word' id='word_1_318' title='bbox 1259 2728 1488 2770; x_wconf 81' lang='lat' dir='ltr'>annotinos</span> <span class='ocrx_word' id='word_1_319' title='bbox 1530 2741 1553 2769; x_wconf 89' lang='lat' dir='ltr'>a</span> <span class='ocrx_word' id='word_1_320' title='bbox 1594 2726 1688 2769; x_wconf 87' lang='lat' dir='ltr'>basi</span> <span class='ocrx_word' id='word_1_321' title='bbox 1715 2726 1948 2769; x_wconf 74' lang='lat' dir='ltr'>rotundata</span> 
     </span>
     <span class='ocr_line' id='line_1_38' title="bbox 239 2785 1946 2840; baseline -0.002 -10"><span class='ocrx_word' id='word_1_322' title='bbox 239 2788 456 2831; x_wconf 82' lang='lat' dir='ltr'>subulatis</span> <span class='ocrx_word' id='word_1_323' title='bbox 480 2786 755 2830; x_wconf 86' lang='lat' dir='ltr'>rectiusculis</span> <span class='ocrx_word' id='word_1_324' title='bbox 784 2786 879 2828; x_wconf 87' lang='lat' dir='ltr'>aliis</span> <span class='ocrx_word' id='word_1_325' title='bbox 906 2786 1170 2829; x_wconf 74' lang='lat' dir='ltr'>internliXtis</span> <span class='ocrx_word' id='word_1_326' title='bbox 1198 2789 1241 2828; x_wconf 82' lang='lat' dir='ltr'>et</span> <span class='ocrx_word' id='word_1_327' title='bbox 1266 2787 1319 2828; x_wconf 86' lang='lat' dir='ltr'>ad</span> <span class='ocrx_word' id='word_1_328' title='bbox 1352 2787 1544 2829; x_wconf 84' lang='lat' dir='ltr'>ramulos</span> <span class='ocrx_word' id='word_1_329' title='bbox 1577 2787 1777 2840; x_wconf 85' lang='lat' dir='ltr'>juniores</span> <span class='ocrx_word' id='word_1_330' title='bbox 1811 2785 1946 2838; x_wconf 82' lang='lat' dir='ltr'>graci-</span> 
     </span>
     <span class='ocr_line' id='line_1_39' title="bbox 241 2845 1946 2899; baseline -0.001 -11"><span class='ocrx_word' id='word_1_331' title='bbox 241 2847 356 2889; x_wconf 90' lang='lat' dir='ltr'>libus</span> <span class='ocrx_word' id='word_1_332' title='bbox 391 2846 587 2897; x_wconf 70' lang='lat' dir='ltr'>setaceis,</span> <span class='ocrx_word' id='word_1_333' title='bbox 625 2846 800 2899; x_wconf 89' lang='lat' dir='ltr'>stipulis</span> <span class='ocrx_word' id='word_1_334' title='bbox 838 2846 1038 2888; x_wconf 86' lang='lat' dir='ltr'>omnibus</span> <span class='ocrx_word' id='word_1_335' title='bbox 1078 2846 1370 2888; x_wconf 86' lang='lat' dir='ltr'>conformibus</span> <span class='ocrx_word' id='word_1_336' title='bbox 1403 2846 1600 2899; x_wconf 78' lang='lat' dir='ltr'>angustis</span> <span class='ocrx_word' id='word_1_337' title='bbox 1637 2845 1946 2899; x_wconf 83' lang='lat' dir='ltr'>eglandulosis,</span> 
     </span>
     <span class='ocr_line' id='line_1_40' title="bbox 240 2903 1947 2959; baseline -0.002 -12"><span class='ocrx_word' id='word_1_338' title='bbox 240 2906 412 2959; x_wconf 80' lang='lat' dir='ltr'>petiolis</span> <span class='ocrx_word' id='word_1_339' title='bbox 434 2904 701 2956; x_wconf 70' lang='lat' dir='ltr'>aculeolatis,</span> <span class='ocrx_word' id='word_1_340' title='bbox 736 2904 892 2947; x_wconf 87' lang='lat' dir='ltr'>foliolis</span> <span class='ocrx_word' id='word_1_341' title='bbox 930 2905 1003 2946; x_wconf 75' lang='lat'>5-‘7</span> <span class='ocrx_word' id='word_1_342' title='bbox 1043 2904 1447 2958; x_wconf 79' lang='lat' dir='ltr'>elliptico·oblongis</span> <span class='ocrx_word' id='word_1_343' title='bbox 1487 2905 1656 2946; x_wconf 87' lang='lat' dir='ltr'>obtusis</span> <span class='ocrx_word' id='word_1_344' title='bbox 1689 2903 1947 2957; x_wconf 84' lang='lat' dir='ltr'>simpliciter</span> 
     </span>
     <span class='ocr_line' id='line_1_41' title="bbox 240 2961 1945 3017; baseline -0.001 -11"><span class='ocrx_word' id='word_1_345' title='bbox 240 2965 423 3006; x_wconf 79' lang='lat' dir='ltr'>sei-ralis</span> <span class='ocrx_word' id='word_1_346' title='bbox 448 2964 652 3017; x_wconf 81' lang='lat' dir='ltr'>utrinque</span> <span class='ocrx_word' id='word_1_347' title='bbox 683 2963 818 3006; x_wconf 88' lang='lat' dir='ltr'>dense</span> <span class='ocrx_word' id='word_1_348' title='bbox 852 2963 1318 3014; x_wconf 70' lang='lat' dir='ltr'>cinereo-tomentosis‚</span> <span class='ocrx_word' id='word_1_349' title='bbox 1338 2964 1521 3006; x_wconf 76' lang='lat' dir='ltr'>floribus</span> <span class='ocrx_word' id='word_1_350' title='bbox 1550 2961 1945 3012; x_wconf 65' lang='lat' dir='ltr'>solitariisbrevis-</span> 
     </span>
     <span class='ocr_line' id='line_1_42' title="bbox 241 3021 1945 3077; baseline -0.001 -14"><span class='ocrx_word' id='word_1_351' title='bbox 241 3024 348 3064; x_wconf 82' lang='lat' dir='ltr'>sime</span> <span class='ocrx_word' id='word_1_352' title='bbox 368 3023 685 3077; x_wconf 85' lang='lat' dir='ltr'>pedunculatis‚</span> <span class='ocrx_word' id='word_1_353' title='bbox 705 3022 870 3076; x_wconf 79' lang='lat' dir='ltr'>petalis.</span> <span class='ocrx_word' id='word_1_354' title='bbox 888 3055 895 3063; x_wconf 91' lang='lat'>.</span> <span class='ocrx_word' id='word_1_355' title='bbox 910 3057 918 3064; x_wconf 92' lang='lat'>.</span> <span class='ocrx_word' id='word_1_356' title='bbox 936 3056 945 3075; x_wconf 87' lang='lat'><strong><em>,</em></strong></span> <span class='ocrx_word' id='word_1_357' title='bbox 961 3022 1104 3065; x_wconf 73' lang='lat' dir='ltr'>fructu</span> <span class='ocrx_word' id='word_1_358' title='bbox 1122 3026 1267 3064; x_wconf 86' lang='lat' dir='ltr'>erecto</span> <span class='ocrx_word' id='word_1_359' title='bbox 1284 3022 1729 3076; x_wconf 79' lang='lat' dir='ltr'>sphaerico-depresso</span> <span class='ocrx_word' id='word_1_360' title='bbox 1750 3021 1945 3063; x_wconf 85' lang='lat' dir='ltr'>breviter</span> 
     </span>
    </p>
   </div>
  </div>
 </body>
</html>
