2049 3257
179 220 415 267 Evonymus.
873 227 1169 254 CELAs‘rmNEAE.
1852 218 1876 254 9

178 314 431 361 Cappadociae
443 313 492 348 ad
503 312 724 348 Caesaream
738 312 873 357 (Bali),
888 312 1007 347 Tauri
1023 312 1170 349 Cilicici
1184 312 1234 348 ad
1247 312 1377 348 Gulek
1391 313 1547 359 Boghas
1562 313 1652 358 (Ky.
1669 324 1747 349 exs.
1759 313 1876 359 3581),

181 361 336 398 Tauriae
353 362 390 396 et
407 370 515 407 prov.
534 360 598 395 Cis
615 362 654 395 et
673 360 1090 395 Transcaucasicarum
1117 359 1276 403 (Ledeb.
1294 359 1453 405 Szowl).

226 425 290 460 Ar.
314 424 443 469 Geoqr.
476 423 633 469 Europa
658 424 785 458 omnis
815 434 839 458 a
863 423 1062 468 Norvegia
1094 425 1131 458 et
1159 423 1297 458 suecia
1324 423 1572 459 meridionali
1608 424 1657 459 ad
1693 424 1877 460 Rossiam

179 472 360 517 mediam,
379 471 521 506 Sibiria
546 470 760 506 Uralensis.

239 644 278 685 92.
316 643 373 686 E.
417 641 793 685 fibrilliferus
831 641 989 695 (Fisch.
1028 645 1071 684 et
1110 643 1219 696 Mey.
1262 642 1306 684 in
1347 642 1454 685 Hoh.
1494 644 1676 697 Talyscb
1719 646 1873 688 Enum.

180 716 220 757 p.
267 702 378 756 102)
419 701 551 743 ramis
584 701 882 744 subteretibus
910 702 1092 743 laevibus
1117 701 1294 754 glabris,
1322 702 1433 745 foliis
1470 703 1873 759 elliptico—oblongis

179 761 406 804 serrulatis
430 760 586 802 subtus
610 760 938 814 subpuberulis‚
965 761 1100 814 cymis
1123 761 1195 802 2-3
1217 761 1345 803 tomis
1376 762 1629 804 axillaribus
1654 764 1875 816 peduncu-

177 819 288 871 latis,
313 819 468 873 petalis
489 819 697 872 oblongis,
717 819 833 861 disco
855 820 1050 872 margine
1074 819 1331 871 fibrillifero‚
1355 822 1551 874 capsula.
1573 853 1582 862 .
1603 853 1612 862 .

225 895 396 977 Hal-›din
431 895 599 930 dumetis
632 894 767 930 Iberia]
785 895 835 931 ad
864 895 994 930 rivum
1012 895 1226 937 Gandscha
1248 906 1369 943 prope
1386 896 1656 934 Helenendorf
1684 899 1875 945 (Hohen.)

178 953 256 978 non
276 953 311 977 v]
345 953 367 977 1.

223 1006 370 1042 Similis
389 1006 527 1041 dicitur
542 1006 584 1041 Ε.
608 1006 802 1053 Europwo
828 1006 898 1042 sed
915 1006 1077 1052 capsula
1103 1007 1250 1052 ignota.
1278 1007 1419 1043 Discus
1441 1018 1489 1043 ex
1510 1008 1598 1055 ipso
1616 1010 1793 1054 margine
1810 1011 1875 1046 vel

176 1053 294 1101 paulo
312 1053 414 1088 infra
430 1053 573 1100 profert
607 1053 670 1089 1-3
700 1052 876 1089 fimbrias
906 1053 1049 1090 liberas
1084 1053 1148 1099 vel
1181 1054 1312 1100 plures
1343 1055 1382 1089 in
1410 1055 1602 1091 laminam
1637 1057 1872 1093 multifidam

175 1101 358 1136 coalitas:
379 1111 428 1136 an
448 1100 510 1136 hic
527 1101 724 1136 character
742 1103 803 1136 sat
816 1101 948 1146 gravis
965 1101 1029 1136 vel
1047 1104 1108 1136 sat
1120 1104 1305 1137 constans
1316 1103 1332 1136 ξ’

235 1256 271 1298 3.
293 1255 351 1297 Ε.
370 1255 676 1298 velutinus
702 1254 860 1306 (Fisch.
884 1258 926 1297 et
942 1255 1051 1308 Mey.
1070 1255 1114 1298 iu
1140 1255 1304 1297 Hohen.
1331 1256 1516 1309 Talysch
1534 1257 1686 1299 Enum.
1708 1272 1746 1312 p.
1773 1259 1873 1309 102)

175 1315 307 1358 ramis
335 1314 656 1367 subtetragonis
687 1314 871 1356 laevibus
897 1315 1183 1365 tomentellis‚
1210 1315 1322 1357 soliis
1349 1316 1755 1370 elliptico-oblongis
1780 1317 1875 1360 basi

171 1378 217 1417 et
248 1374 366 1427 apice
394 1369 772 1415 acutatis'minute
813 1373 1044 1415 serrulatis
1080 1375 1288 1427 utrinque
1333 1375 1577 1427 praesertim
1616 1376 1670 1417 ad
1711 1389 1870 1420 nervos

173 1432 528 1488 pubescentibus,
565 1433 698 1485 cymis
723 1432 976 1475 axillaribus
1004 1433 1397 1476 umbelliformibus
1432 1434 1626 1476 breviter
1652 1435 1874 1488 peduncu-

173 1493 285 1544 latis,
304 1491 456 1546 petalis
481 1491 690 1545 oblongis,
716 1491 832 1533 disco
850 1491 1043 1544 margine
1063 1492 1191 1545 nudo,
1214 1493 1403 1545 capsulis
1419 1493 1688 1547 quadrilobis
1706 1495 1867 1548 pubes-

171 1551 370 1594 centibus
405 1551 705 1603 obtusangulis
740 1551 918 1603 ameris,
955 1551 1078 1593 arillo
1108 1554 1246 1593 totum
1280 1563 1427 1594 semen
1461 1552 1711 1594 involvente
1737 1559 1775 1604 ὅ.
1819 1553 1866 1595 Ε.

174 1609 420 1662 Europoeus
446 1610 489 1665 β.
512 1609 732 1651 calatinus
756 1608 799 1650 C.
827 1609 878 1651 A.
909 1610 1014 1664 Mey.
1044 1610 1197 1652 Enum.
1226 1623 1266 1664 p.
1299 1611 1393 1654 134.

219 1684 319 1720 Hab.
334 1684 373 1719 in
388 1685 514 1729 sylvis
529 1684 688 1719 ditionis
700 1683 1038 1720 Transcaucasicae
1052 1683 1224 1722 Talvsch
1242 1683 1307 1719 alt.
1321 1683 1527 1720 sico-200&
1537 1685 1596 1729 (C.
1612 1686 1656 1720 A.
1671 1685 1732 1721 M!
1746 1686 1872 1731 Hohl)

168 1730 222 1766 ad
247 1731 445 1767 Schuscha
465 1732 621 1776 (Hohen
636 1732 672 1775 1),
691 1731 732 1765 in
750 1730 895 1766 ditione
921 1723 1138 1777 Rara-bagis
1151 1730 1295 1776 (Szow.
1310 1733 1350 1776 ll,
1379 1731 1419 1766 in
1434 1732 1530 1778 Jugo
1560 1732 1703 1768 Elbrus
1729 1734 1871 1769 Persiae

172 1778 254 1814 bor.
276 1789 400 1826 usque
415 1779 464 1814 ad
485 1778 588 1814 6000'
609 1778 796 1823 (Buhsel)
815 1778 873 1813 Fl.
896 1778 985 1814 Jun.

218 1841 328 1877 Folia
347 1842 403 1877 eis
430 1841 477 1877 Ε.
500 1841 690 1889 Europwz'
702 1841 935 1888 plerumque
951 1841 1194 1877 subminor-a.

233 1990 272 2031 4.
291 1989 347 2032 Ε.
371 2000 734 2032 verrucosus
752 1988 1075 2043 (Scopol.Carn.
1101 1989 1133 2040 Ι,
1154 2002 1195 2043 p.
1215 1989 1318 2044 166)
1339 1990 1471 2032 ramis
1484 1990 1698 2034 teretibus
1714 2004 1869 2035 verru-

169 2050 283 2092 cosis
303 2049 479 2101 glabris,
503 2048 615 2091 foliis
639 2048 838 2102 ellipticis
865 2048 1060 2091 cuneatis
1085 2048 1223 2090 acutis
1261 2050 1327 2090 vel
1357 2050 1613 2091 acuminatis
1638 2052 1868 2094 serrulatis

170 2108 348 2161 glabris,
390 2108 525 2161 cymis
561 2107 829 2150 subtrissoris
856 2107 1116 2161 pedunculis
1152 2107 1358 2150 tenuibus
1382 2108 1479 2150 folia
1507 2109 1868 2163 subaequantibus

170 2167 377 2218 suffultis,
415 2168 567 2221 petalis
609 2167 960 2219 suborbiculatis,
1003 2167 1120 2209 disco
1160 2167 1353 2218 margine
1393 2168 1525 2219 nudO,
1550 2169 1739 2221 capsulis
1767 2169 1870 2211 sub-

168 2226 438 2280 quadrilobis
476 2227 776 2280 obtusangulis
821 2226 1005 2269 laevibus
1044 2226 1228 2280 apteris⁷
1278 2227 1403 2269 arillo
1445 2238 1595 2269 semen
1636 2228 1865 2270 dimidium

173 2288 344 2338 tegente
367 2292 401 2333 5.

219 2359 320 2395 Hah.
338 2360 379 2395 in
397 2359 525 2404 sylvis
544 2359 742 2395 montanis
760 2359 959 2404 Bithyniae
980 2359 1029 2394 ad
1049 2359 1251 2404 Sabandja
1269 2359 1462 2403 (Wiedem
1479 2362 1516 2404 1),
1548 2360 1661 2395 Ponti
1685 2360 1868 2396 australis

169 2407 364 2451 (Tabia),
399 2407 658 2453 Cappadociae
692 2417 812 2454 prope
848 2407 1072 2442 Caesaream
1106 2407 1365 2451 (Wiedeml)
1401 2407 1548 2442 Ciliciae
1584 2418 1704 2454 prope
1739 2407 1869 2443 Giilek

172 2453 329 2499 Boghas
356 2454 396 2489 in
423 2455 667 2500 rupeslribus
694 2455 784 2499 (Bal
802 2456 839 2499 l),
866 2454 1032 2498 Tauria„
1061 2454 1224 2490 Caucasi
1250 2456 1287 2490 et
1311 2465 1420 2501 prov.
1451 2455 1869 2490 Transcaucasicarum

168 2500 346 2544 (Hohenl
365 2502 535 2547 Ledeb.),
552 2502 688 2537 Lberiae
714 2501 888 2548 (Ruprl).

218 2565 278 2601 Ar.
299 2566 429 2611 Geoqr.
459 2566 672 2602 Germania
689 2566 901 2610 orientalis,
928 2565 1137 2609 Dalmatia,
1157 2565 1372 2612 Hungaria,
1391 2565 1548 2610 Bosnia⁷
1567 2565 1869 2612 Transylvania‚

170 2610 311 2649 Rossia
328 2614 457 2649 media
475 2616 512 2649 et
532 2613 725 2652 australis,
757 2613 901 2648 Sibiria
919 2613 1132 2649 Uralensis.

233 2753 272 2794 5.
311 2752 366 2794 Ε.
404 2763 602 2796 nanus
640 2751 767 2807 (MR.
787 2751 917 2793 Taur.
940 2750 1065 2793 Cauc.
1095 2751 1194 2799 111,
1219 2763 1257 2803 p.
1287 2750 1389 2802 160)
1415 2750 1548 2791 ramis
1571 2750 1870 2803 subaugulatis

170 2811 334 2853 strictis
381 2812 515 2854 dense
554 2811 719 2854 foliosis
770 2811 942 2853 demum
986 2810 1238 2852 verrucosis
1276 2809 1474 2862 glabris‚
1524 2809 1638 2851 soliis
1685 2813 1869 2862 anguste

169 2870 627 2923 oblongo-lanceolatis
656 2870 980 2924 linearibusque
1003 2870 1209 2923 utrinque
1241 2869 1377 2910 acutis
1420 2869 1614 2922 margine
1656 2869 1866 2910 revolutis

168 2929 291 2982 apice
330 2930 645 2973 subserrulatis
686 2929 871 2982 glabris,
907 2928 1042 2982 cymis
1069 2928 1335 2970 subtrissoris
1371 2928 1629 2981 pelunculis
1660 2927 1868 2971 tenuibus

170 2987 272 3030 folio
305 2979 570 3042 longioribus
594 2984 816 3039 suffultis:
846 2988 999 3042 petalis
1021 2987 1322 3039 subrotundis,
1355 2987 1472 3029 disco
1507 2986 1700 3039 margine
1732 2986 1862 3038 nudo,
