2045 3227
114 185 330 233 Trzfolium.
816 190 1096 220 LEGUMINOSAE.
1738 187 1813 224 125

107 266 470 323 liptico-oblongis
498 264 651 317 acutis,
673 264 873 319 capitulis
899 264 1027 307 etiam
1058 264 1293 309 fructiferis
1327 266 1481 317 ovatis,
1508 266 1665 320 calycis
1696 267 1816 319 longi

109 325 392 370 hirsutissimi
412 324 578 367 laciniis
603 335 627 365 e
652 323 746 366 basi
773 324 1010 366 lanceolata
1044 323 1258 367 subulatis
1295 325 1497 366 corollam
1542 337 1811 379 purpuream

109 385 420 439 superantibus
458 384 560 426 tubo
607 382 739 437 duplo
777 382 1046 436 longioribus
1086 382 1324 426 fructiferis
1374 378 1711 437 subpateutibus
1745 385 1808 432 O.

110 444 154 488 Τ.
183 444 429 497 dasyuru‘m
462 443 587 485 Presl
610 441 755 495 Symb.
780 441 873 484 Bot.
909 440 992 483 tab.
1024 442 1091 483 33.

155 516 256 552 Hah.
275 516 315 551 in
334 515 568 561 graminosis
587 516 624 550 et
650 513 765 550 cultis
787 515 948 550 Graeciae
973 515 1012 549 in
1036 513 1186 550 Baeotia
1206 524 1326 561 prope
1341 514 1497 550 Thebas
1516 516 1661 562 (Sprun
1675 517 1712 560 l),
1731 515 1809 558 Rv-

108 564 227 600 zantii
243 563 343 608 (Noe
353 564 389 608 1),
409 562 560 598 Cretae?
577 562 698 607 (Sieb.
718 572 764 597 ex
794 560 899 597 Presl
917 563 944 606 ),
973 561 1114 596 insulae
1131 561 1257 597 Melos
1278 561 1498 604 Cycladum
1515 563 1617 606 (Urv
1629 566 1665 607 lb),
1684 564 1809 608 Syria:

106 610 271 647 borealis
287 610 336 645 ad
354 610 498 645 Aintab
515 609 691 654 (Haussk
703 610 739 654 1),
754 609 803 644 ad
822 607 1038 653 Berythum
1052 607 1176 653 (Gaill
1190 610 1227 653 l),
1245 609 1285 643 in
1304 608 1455 644 Libano
1479 620 1599 656 prope
1624 610 1808 645 Hasroun

107 659 146 694 et
162 658 263 693 inter
279 657 409 692 Hama
426 659 464 692 et
477 656 706 702 Palmyram
725 656 789 700 (131
802 657 840 701 1),
858 655 1058 691 Palestina
1081 655 1129 690 ad
1148 655 1469 700 Hierosolymam
1486 656 1669 702 (1301531),
1690 668 1809 703 prope

108 704 345 741 Damascum
364 703 535 749 (Gaillt),
554 706 687 739 monte
707 703 813 738 Dara
830 703 938 738 Meso
970 703 1125 738 otamiae
1143 702 1322 748 (Haussk
1333 705 1370 748 1),
1382 704 1422 738 in
1436 704 1569 739 Persia
1582 705 1744 739 australi
1758 705 1809 740 ad

106 751 271 788 Dalechi
289 751 378 797 (ΚΥ.
398 762 477 787 exs.
499 751 585 787 1951
608 750 771 787 Haussk
782 752 821 796 1).
843 750 898 785 Fl.
962 751 1031 784 art.
1050 750 1143 797 Apr.

153 817 308 864 Species
336 816 500 863 pulchra
527 815 672 862 calycis
709 815 773 851 6-7
799 814 925 850 lineas
960 813 1073 859 longi
1102 814 1256 849 laciniis
1293 814 1381 850 basi
1412 807 1587 851 dilatatis
1618 826 1640 851 a
1672 826 1811 862 praece—

107 864 289 901 dentibus
313 864 506 900 distincta.
528 863 712 910 Capitula
729 866 751 898 t·
769 861 955 898 rminalia
974 871 1068 909 sape
1088 861 1183 897 bina
1203 864 1242 897 et
1266 864 1359 898 tunc
1377 861 1472 898 folia
1490 873 1674 909 suprema
1692 874 1811 910 oppo-

107 912 190 948 sita.

166 1043 234 1085 34.
267 1042 322 1084 T.
361 1039 650 1085 diffusum
687 1040 839 1095 (Elirh.
876 1039 1008 1082 Beitr.
1052 1039 1145 1092 VII,
1179 1053 1218 1094 p.
1271 1042 1371 1096 165)
1405 1043 1550 1096 patule
1588 1043 1810 1089 villosum.

107 1100 300 1144 caulibus
329 1100 538 1152 elongatis
565 1099 723 1141 erectis
752 1101 820 1142 vel
848 1099 1034 1148 diffusiS,
1062 1100 1236 1154 stipulis
1266 1104 1388 1154 parte
1415 1101 1548 1144 libera
1577 1102 1700 1150 longe
1722 1105 1811 1145 lan-

108 1159 562 1206 ceolam-acuminatis,
588 1159 747 1201 foliolis
782 1159 949 1210 magnis
977 1159 1170 1212 oblongis
1198 1160 1380 1202 obtusis.
1410 1161 1610 1214 capItulis
1644 1162 1811 1212 magnis

106 1219 441 1272 ovato-globosis
467 1217 770 1260 terminalibus
787 1217 1083 1270 involucratis,
1103 1218 1260 1272 calycis
1281 1219 1483 1261 corollam
1509 1232 1678 1262 roseam
1711 1221 1810 1263 sul)-

107 1278 319 1332 aequantis
350 1277 515 1320 laciniis
546 1289 569 1318 a
598 1276 692 1319 basi
710 1277 852 1319 latiori
875 1277 1061 1319 trinervi
1083 1277 1300 1320 subulatis
1322 1279 1535 1330 plumosis
1554 1279 1657 1321 tubo
1680 1280 1810 1334 triplo

106 1336 374 1389 longioribus
416 1335 560 1380 rectis,
588 1336 710 1378 fauce
733 1337 872 1390 pilosa
897 1339 1047 1390 aperta
1075 1338 1136 1384 Θ.
1178 1336 1235 1379 Ic.
1260 1338 1329 1379 W.
1354 1338 1406 1379 K.
1434 1339 1490 1391 pl.
1516 1338 1660 1392 Hung.
1686 1343 1713 1380 t.
1739 1340 1807 1380 50.

108 1420 162 1426 —
192 1396 261 1437 Tr.
290 1395 492 1437 effosum
517 1395 674 1437 Tbuill.
699 1395 759 1437 Fl.
789 1395 887 1437 Par.
916 1408 956 1449 p.
983 1396 1080 1438 380.

154 1469 257 1505 Hah.
280 1469 319 1504 in
351 1469 529 1504 dumosis
558 1469 774 1515 praesertim
797 1469 970 1515 regionis
997 1469 1230 1516 subalpinae,
1257 1472 1412 1506 montes
1430 1481 1551 1517 prope
1572 1471 1810 1516 Byzantium

106 1517 234 1562 (Noe),
251 1516 386 1561 Lydiae
403 1516 444 1551 in
463 1517 604 1552 Tmolo
632 1527 750 1599 supra
773 1516 1089 1562 philadelphiam
1110 1517 1288 1563 (Boissl),
1317 1518 1463 1553 Tauria
1491 1520 1529 1553 et
1553 1529 1661 1565 prov.
1682 1520 1747 1555 Cis
1773 1523 1812 1555 et

106 1563 448 1600 Transcaucasicae
467 1564 515 1599 ad
533 1563 678 1610 Talysc
723 1574 850 1610 usque
868 1564 1059 1610 (Ledeb.).
1078 1565 1135 1600 Fl.
1159 1565 1247 1600 Jun.

156 1627 214 1662 Ar.
243 1625 376 1671 Geoqr.
407 1626 621 1669 Lusitania,
662 1626 857 1673 Hispania
886 1626 1080 1662 australis.
1109 1626 1243 1662 Gallia
1274 1627 1553 1674 meridi0nalis‚
1581 1629 1739 1665 Corsica
1774 1634 1812 1667 et

106 1673 298 1720 Sardinia,
319 1673 530 1720 Dalmatia,
548 1673 763 1720 Hungaria,
782 1673 1085 1720 Transylvania,
1102 1674 1243 1710 Rossia
1261 1675 1457 1710 australis.

166 1806 234 1847 85.
267 1805 320 1848 Τ.
342 1803 636 1861 pallidum
661 1804 751 1861 (W.
774 1805 823 1847 K.
853 1805 915 1847 Pl.
945 1818 1030 1848 rar.
1057 1806 1197 1859 Hung.
1232 1807 1262 1857 I,
1293 1820 1332 1861 p.
1369 1808 1436 1853 35,
1461 1807 1546 1849 tab.
1573 1807 1649 1862 36)
1683 1821 1810 1862 parce

104 1864 307 1919 pilosum,
347 1863 541 1907 caulibus
583 1862 944 1907 decumbentibus
988 1866 1197 1918 elongatis
1221 1867 1419 1916 ramosis„
1448 1867 1622 1921 stipulis
1661 1872 1808 1910 ovato·

105 1922 300 1975 oblongis
326 1922 510 1977 abrupte
545 1923 944 1973 setaceo-aristatis,
970 1924 1126 1966 folmlis
1164 1926 1302 1967 ovatis
1343 1938 1457 1980 saepe
1484 1927 1663 1977 retusis,
1696 1929 1809 1981 rapi-

105 1982 209 2024 tulis
233 1981 504 2036 subglobosis
533 1982 738 2025 solitariis
760 1983 870 2025 foliis
895 1984 1159 2037 stipulisque
1185 1984 1656 2039 involucratiS.calycis
1686 1987 1810 2029 ‹limi-

106 2040 175 2083 dia
194 2042 365 2084 ‘corolla
405 2041 558 2094 pallide
587 2044 713 2084 rosea
750 2042 878 2096 paulo
906 2043 1110 2096 longioris
1147 2044 1312 2086 laciniis
1356 2058 1377 2086 a
1412 2044 1505 2086 basi
1539 2046 1713 2087 dilatat-(i
1739 2046 1812 2087 sle-

105 2111 224 2143 mum
257 2100 580 2154 quinquenervi
607 2101 789 2143 setaceis
825 2113 1017 2156 superne
1052 2102 1177 2156 longe
1204 2103 1416 2156 plumosis
1457 2106 1669 2147 truncatis
1705 2105 1810 2148 tubo

103 2157 303 2202 obconico
331 2159 461 2214 triplo
498 2158 767 2212 longioribus
804 2161 949 2211 rectis,
987 2161 1106 2203 fauce
1141 2162 1301 2204 annulo
1338 2163 1478 2217 piloso
1521 2168 1736 2207 coarctata
1762 2166 1810 2212 G>

104 2220 147 2260 et
172 2218 240 2272 Θ.

126 2292 250 2329 *Han
282 2293 320 2328 in
353 2293 528 2330 herbidis
564 2296 602 2331 et
631 2295 784 2330 saxosis
815 2294 1091 2331 submontanis
1125 2297 1287 2332 Graeciae
1322 2298 1360 2332 in
1397 2298 1583 2343 Argolide
1615 2298 1810 2345 (Sprunl).

104 2343 234 2376 monte
260 2339 418 2376 Malevo
436 2341 614 2377 Laconiae
642 2341 707 2377 alt.
739 2341 1077 2389 3000'(Orph.F1.
1109 2343 1175 2379 Gr.
1204 2354 1282 2379 exs.
1310 2345 1431 2386 61211,
1465 2345 1662 2381 Messenia
1689 2356 1811 2392 prope

102 2386 219 2433 Pylos
238 2387 428 2433 (Heldrl)‚
446 2388 559 2425 Creta
577 2389 627 2425 ad
654 2389 811 2425 Khania
830 2389 999 2435 (flami),
1023 2390 1162 2427 Rhodo
1188 2391 1339 2437 (Bourg
1352 2394 1377 2438 1)
1404 2392 1530 2438 Lydia
1550 2394 1590 2428 in
1608 2394 1810 2429 montibus

104 2444 222 2481 prope
241 2435 441 2482 Ephesum
461 2435 593 2481 (Boiss
608 2438 646 2482 t).
667 2436 725 2472 Fl.
746 2436 836 2471 Mai.

151 2498 333 2545 Capitula
351 2499 503 2535 minora
525 2500 581 2535 eis
605 2499 645 2536 T.
666 2499 805 2545 diffusi
827 2511 850 2536 a
875 2511 953 2546 quo
980 2503 1168 2547 praeterea
1185 2502 1334 2538 corolla
1359 2503 1532 2548 calycem
1553 2503 1722 2539 multum
1747 2515 1811 2539 su—

102 2549 261 2591 perante
280 2548 317 2581 et
335 2546 477 2592 calycis
507 2547 661 2583 laciniis
681 2547 767 2582 basi
798 2548 846 2582 tri
877 2559 945 2583 nec
985 2548 1310 2595 quinquenerviis
1334 2550 1473 2586 differt.
1504 2552 1538 2598 A
1570 2550 1610 2586 T.
1634 2552 1816 2598 pratense?

103 2592 230 2674 {adite-e
254 2594 531 2640 monocarpica
558 2604 630 2631 nec
652 2596 814 2641 perenni
841 2598 878 2630 et
904 2595 1090 2632 dentibus
1116 2596 1260 2643 calycis
1279 2597 1365 2633 basi
1389 2599 1714 2645 quinquenerviis
1734 2599 1812 2634 dis-

120 2650 180 2675 1nc
200 2651 278 2675 um.

122 2703 210 2785 eAlr.
247 2703 378 2749 Geoqr.
404 2705 527 2751 Istria,
554 2704 764 2741 Dalmatia.
792 2705 899 2752 regio
934 2705 1181 2754 DanubialiS,
1207 2706 1350 2744 Bossia
1378 2709 1573 2756 australis,
1594 2710 1724 2746 Africa
1741 2710 1811 2746 ho-

103 2760 121 2785 r
145 2761 166 2785 a
185 2761 229 2786 is.

165 2878 233 2920 36.
249 2878 304 2921 T.
323 2879 812 2931 Haussknechtii,
830 2881 1020 2924 molliter
1037 2885 1080 2925 et
1105 2883 1461 2937 adpressiuseule
1479 2885 1697 2928 villosum.
1712 2898 1812 2929 eau-

102 2935 216 2980 libus
233 2939 480 2981 numerosis
495 2939 652 2982 erectis
674 2942 717 2981 et
739 2940 1114 2994 decumbentibus,
1141 2943 1314 2997 stipulis
1332 2943 1672 2988 membranaceis
1687 2950 1810 3000 parte
