2045 3227
107 184 332 235 Trifolium.
818 191 1096 218 mammem.
1474 167 1478 172 ¹
1750 181 1822 218 127

149 264 255 302 Hab.
275 263 327 300 ad
344 264 491 300 ostium
511 263 588 300 rivi
604 262 742 299 Sainib
758 271 881 310 prope
898 260 1084 298 Sidonem
1103 260 1205 298 inter
1219 261 1374 306 segetes
1390 260 1457 306 (Bl
1469 261 1506 306 l).

149 320 373 370 Specimina
401 319 539 355 formae
572 319 716 367 typicae
745 317 879 364 calyce
909 316 1147 364 glanduloso
1176 316 1324 353 donata
1340 326 1465 364 nuper
1483 317 1697 354 observata
1713 317 1819 354 hanc

101 367 281 417 'plantam
299 367 418 414 hujus
441 369 596 402 tantum
612 366 843 402 varietatem
861 375 947 401 ess-2.
964 364 1350 401 demonstraverunt.

98 425 214 518 (BAr.
243 423 384 517 geogr.
420 421 533 459 Italia
568 422 699 458 media
733 424 772 458 et
804 420 1000 467 australis,
1029 419 1242 466 Dalmatia,
1276 419 1465 466 Bulgaria
1496 419 1548 457 ad
1585 419 1819 456 Danubium

155 482 235 509 olss
273 499 280 506 .

101 602 104 605 ’
165 603 237 646 39.
266 601 321 646 Τ.
338 601 596 646 Carmeli
616 600 778 658 (Boiss.
805 600 958 654 Diagn.
986 599 1081 643 Ser.
1099 599 1154 652 Il,
1180 601 1220 652 2,
1247 613 1287 655 p.
1312 600 1383 656 16)
1413 600 1466 643 ad
1495 601 1640 644 caules
1670 601 1819 654 patule

100 663 157 707 ad
177 661 276 704 folia
301 661 512 715 adpresse
535 660 702 703 hirtum
717 694 727 712 ,
758 660 880 703 caule
902 660 1013 703 elato
1036 662 1181 703 erecto
1212 659 1506 711 crassiusculo
1524 659 1726 703 fistuloso
1754 660 1818 704 di·

102 720 325 765 varicatim
347 732 535 772 ramoso,
558 719 734 774 stipulis
760 720 885 774 parte
907 718 1043 761 libera
1065 717 1347 773 sublongiore
1363 719 1631 773 lanceolatis‚
1656 719 1815 764 foliolis

102 779 355 835 majusculis
382 778 788 833 oblongo-ellipticis
822 776 1129 832 superioribus
1156 778 1316 830 acutis,
1343 778 1545 832 capitulis
1583 779 1709 832 longe
1743 790 1819 833 pe-

103 838 348 882 dunculatis
375 837 748 892 ovato-sphaericis
774 836 1012 880 fructiferis
1032 836 1246 890 oblongis,
1273 837 1432 892 calycis
1467 837 1627 881 corolla
1665 838 1817 881 ochre-

101 899 224 942 leuca
248 896 380 951 duplo
405 895 623 939 brevioris
649 895 817 939 laciniis
845 908 871 937 a
903 894 999 938 basi
1029 895 1208 938 tandem
1233 895 1473 939 incrassata
1500 896 1653 939 enervi
1679 895 1816 940 subu-

101 956 199 1000 latis
219 955 432 1011 plumosis
449 955 607 998 erectis
634 954 761 998 valde
786 954 1079 1009 inaequalibus
1105 954 1211 998 tubo
1237 955 1442 998 obconico
1461 955 1701 998 subenervi
1721 956 1815 1000 fere

98 1014 354 1071 aeq'uilo'ngis
378 1014 585 1057 inferiore
607 1013 957 1068 sesquilongiore
978 1014 1101 1059 fauce
1128 1014 1235 1058 callo
1269 1014 1432 1057 clausa.
1463 1021 1527 1068 Q).

147 1080 248 1118 Hah.
282 1081 323 1117 in
352 1080 529 1117 herbidis
559 1080 670 1117 siccis
701 1079 980 1117 submontanis
1013 1080 1238 1128 Palestinae,
1267 1081 1309 1117 in
1344 1081 1526 1118 Carmelo
1560 1084 1599 1118 et
1629 1081 1817 1119 Ithabure

102 1129 217 1166 Boiss
230 1130 267 1174 l).
284 1128 344 1173 ΕΙ.
358 1130 455 1176 Apr.

147 1184 290 1221 Differt
309 1195 331 1220 a
355 1183 396 1220 T.
423 1184 565 1232 supino
582 1183 766 1231 capitulis
789 1182 998 1220 fructiferis
1017 1183 1069 1220 du
1099 1183 1140 1221 lo
1168 1184 1386 1239 mnj0ribus
1405 1185 1602 1231 oblongis,
1629 1186 1815 1223 dentibus

101 1232 245 1278 calycis
272 1242 337 1267 ma
367 1231 399 1268 is
426 1231 692 1278 inaequalibus
721 1230 880 1277 longius
910 1231 1052 1268 ciliatis
1094 1232 1325 1277 ongioribus
1344 1242 1423 1268 non
1441 1232 1630 1269 stellatim
1648 1234 1817 1281 patenti-

100 1279 188 1324 bus,
206 1290 230 1315 a
251 1278 293 1315 T.
359 1278 469 1315 acino
486 1278 672 1315 foliorum
691 1278 828 1325 forma,
847 1278 1032 1326 capitulis
1050 1278 1173 1327 duplo
1192 1279 1410 1326 maioribus
1425 1280 1609 1326 oblongis
1629 1291 1699 1316 nee
1718 1292 1813 1318 ova-

99 1327 152 1362 tis
174 1326 408 1373 laciniisque
433 1324 522 1361 basi
543 1325 772 1362 incrassatis
799 1326 978 1370 enervus,
996 1325 1047 1362 ab
1072 1330 1239 1373 utroque
1264 1326 1392 1363 colore
1410 1327 1564 1363 florum.
1580 1327 1740 1364 Corolla
1752 1328 1817 1365 7-8

101 1373 226 1409 lineas
242 1373 374 1419 longa.
405 1372 539 1409 Facies
562 1372 603 1409 Τ.
623 1373 742 1409 cincti
754 1382 832 1408 uc.
851 1373 920 1409 sed
950 1373 1125 1421 capitula
1154 1373 1359 1411 involucro
1377 1374 1603 1422 pelviformi
1622 1375 1812 1413 destituta

95 1423 137 1456 et
169 1419 209 1457 Τ.
232 1419 517 1457 Panormitam’
534 1431 557 1456 a
575 1418 653 1467 qu¹o
675 1419 803 1465 differt
818 1420 968 1457 corolla
996 1420 1193 1468 elongata,
1210 1420 1437 1470 calycisque
1462 1422 1698 1459 subenervis
1716 1424 1812 1460 laci-

100 1467 177 1504 niis
193 1467 392 1504 subulatis
409 1478 490 1504 non
508 1467 740 1515 squarrosis.

159 1617 228 1660 40.
255 1617 311 1661 Τ.
337 1614 816 1661 Alexandrinum
832 1615 901 1672 (L.
921 1615 996 1672 Sp.
1024 1617 1156 1672 1085)
1175 1629 1304 1671 parce
1321 1620 1364 1660 et
1380 1618 1593 1673 adpresse
1607 1620 1812 1676 pilosum,

99 1676 222 1719 caule
248 1676 360 1719 elato
394 1678 538 1719 erecto
575 1687 765 1727 ramoso,
794 1675 968 1730 stipulis
997 1681 1123 1730 parte
1156 1675 1294 1719 libera
1321 1677 1814 1732 lanceolato—subulatis‚

98 1735 254 1778 foliolis
276 1735 529 1790 majusculis
552 1734 748 1789 oblongis
783 1734 853 1777 vel
879 1735 1146 1788 lanceolatis,
1173 1735 1375 1790 capitulis
1406 1736 1715 1791 peduncul‘atis
1744 1740 1814 1783 vel

99 1793 415 1837 subsessilibus
449 1794 588 1837 ovatis
620 1793 857 1840 fructiferis
891 1794 1275 1848 conice-oblongis,
1299 1795 1457 1849 calycis
1479 1796 1691 1851 adpresse
1708 1798 1813 1842 hirti

97 1853 259 1897 corolla
292 1853 548 1897 ochroleuca
568 1853 759 1896 dimidio‘
786 1853 1002 1897 brevioris
1026 1853 1193 1896 laciniis
1216 1854 1696 1900 lanceolato-snbulatis
1721 1857 1814 1901 basi

97 1912 324 1955 trinerviis
348 1912 523 1955 demum
540 1912 867 1967 erecto-patulis
886 1912 991 1956 tubo
1009 1913 1309 1965 campanulato
1329 1914 1585 1968 aequilongis
1603 1916 1813 1961 inferiore

100 1971 308 2025 longiore,
331 1972 455 2015 fauce
480 1971 641 2029 annulo
668 1971 782 2015 hirto
817 1971 964 2015 clausa
991 1973 1052 2020 Θ.
1084 1971 1126 2014 Τ.
1155 1972 1695 2027 Co2·zstantinopolz·tanu-m
1717 1975 1811 2019 Ser.

98 2029 144 2073 in
171 2043 251 2073 nc.
275 2030 432 2073 Prodr.
454 2029 506 2072 Il.
537 2042 578 2086 p.
611 2031 708 2073 193.

149 2095 253 2132 Hab.
283 2096 384 2132 inter
414 2099 565 2143 segetes
597 2095 777 2133 Thraciae
803 2097 852 2133 ad
877 2096 1176 2144 Philippopolin
1205 2097 1405 2144 (Jankai),
1430 2099 1470 2134 in
1500 2099 1677 2136 herbidis
1713 2102 1815 2139 circa

99 2142 335 2189 Byzantium
353 2143 484 2189 (Casti
502 2144 632 2189 Noel)‚
649 2143 922 2191 Paphlagonia
945 2145 996 2180 ad
1013 2145 1184 2192 Sinopen
1201 2145 1328 2181 Tchih
1338 2147 1382 2192 1),
1407 2145 1522 2192 Syria
1539 2147 1640 2184 inter
1663 2148 1758 2185 Orfa
1776 2153 1815 2186 et

96 2188 246 2226 Suerek
265 2190 358 2236 (Ky.
378 2201 458 2226 exs.
475 2190 523 2227 78
534 2192 560 2237 Σ)
578 2193 615 2226 et
643 2191 744 2227 circa
762 2191 980 2238 Berythum
1010 2196 1047 2228 et
1069 2192 1249 2240 Tripolin
1281 2192 1394 2239 (1311),
1420 2194 1461 2229 in
1492 2194 1691 2231 Palestina
1714 2197 1816 2234 circa

101 2236 300 2284 Naplouse
318 2238 497 2284 (Boissl),
531 2238 571 2274 in
604 2237 778 2292 AEgypto
798 2241 880 2275 tota
911 2240 988 2275 sub
1018 2241 1177 2276 nomine
1208 2240 1364 2288 Bersyn
1386 2240 1536 2277 cultum
1561 2243 1632 2279 sed
1656 2243 1713 2279 ibi
1731 2254 1812 2281 non

100 2287 364 2330 spontaneum
382 2285 547 2321 videtur.
567 2285 627 2321 Fl.
644 2285 735 2321 Mal.

159 2349 202 2400 β.
216 2347 446 2403 phleoides
469 2349 631 2406 (Boiss.
661 2349 814 2404 Diagn.
855 2350 948 2394 Ser.
985 2351 1039 2403 ΙΙ,
1076 2353 1144 2404 21,
1181 2366 1232 2408 p.,
1265 2352 1354 2408 15).
1381 2353 1615 2398 —Foliola
1654 2355 1811 2400 abbre-

101 2407 213 2450 viata
245 2412 370 2451 ovata
404 2410 474 2451 vel
506 2408 851 2464 ovato-oblonga,
879 2412 1064 2466 capitula
1093 2412 1262 2455 minora
1304 2412 1529 2455 fructifera
1564 2414 1618 2457 ol)
1657 2415 1812 2459 dentes

100 2467 314 2521 calycinos
342 2467 656 2511 subbreviores
679 2470 931 2522 angustiora
964 2473 1007 2512 et
1034 2482 1080 2514 ea
1115 2470 1158 2513 T.
1173 2470 1397 2525 phleoidis
1424 2473 1683 2526 referentia;
1712 2487 1810 2520 cum

103 2524 144 2567 T.
168 2525 391 2568 maritimo
424 2527 681 2584 chmutari
709 2529 861 2582 nequit
885 2529 939 2571 ob
957 2529 1145 2583 capitula
1173 2530 1397 2574 fructifera
1423 2531 1618 2586 longiora
1645 2537 1688 2576 et
1711 2534 1812 2577 laci-

103 2583 195 2627 nias
223 2585 436 2638 calycinas
459 2585 679 2640 longiores
713 2589 758 2630 et
785 2588 922 2631 multo
951 2590 1239 2643 angustiores.

100 2658 457 2754 (Bffialgkgffigissii
486 2671 575 2698 cum
598 2663 727 2709 priore
757 2663 909 2710 (Noei),
927 2663 967 2700 in
998 2663 1115 2701 cultis
1137 2665 1279 2701 insulae
1312 2666 1454 2703 Kilsali
1486 2667 1596 2704 sinus
1630 2668 1813 2716 smyrnei

149 2769 305 2817 Species
334 2782 424 2808 cum
457 2771 498 2809 T.
518 2774 658 2820 supino
687 2777 726 2810 et
755 2775 927 2812 Carmeli
948 2776 1061 2813 facile
1091 2777 1255 2813 confusa
1283 2778 1335 2814 ab
1368 2779 1426 2814 eis
1457 2789 1476 2815 s
1507 2779 1575 2815 icis
1603 2780 1813 2818 fructiferis

100 2818 439 2870 ronico-oblongis
457 2823 495 2856 et
512 2820 664 2859 laciniis
683 2820 770 2858 basi
787 2822 950 2858 trinervi
972 2834 1050 2860 non
1064 2824 1291 2861 incrassatis
1310 2827 1480 2862 tenuiori
1511 2837 1557 2863 us
1569 2827 1702 2863 minus
1720 2829 1813 2876 rigi-

103 2863 163 2899 ‹llS
181 2867 313 2901 tamen
331 2865 621 2914 distinguenda.
641 2868 799 2905 Corolla
816 2880 886 2906 sex
906 2870 1032 2907 lineas
1050 2871 1181 2918 longa.

95 2929 385 3013 dussgfimlieoqr.
425 2930 539 2968 Istria
573 2942 695 2980 prope
725 2933 955 2980 Tergestum
988 2935 1057 2971 sed
1085 2935 1139 2971 ibi
1169 2947 1258 2972 cum
1289 2936 1509 2974 seminibus
1538 2938 1674 2976 Tritici
1690 2940 1814 3008 intro-
