2015 3227
156 219 354 257 .lohrem‘a.
845 227 1150 253 UMBELLrFERAE.
1762 214 1854 251 1011

158 301 261 353 titis,
285 300 396 343 foliis
420 299 724 354 superioribus
757 299 814 340 ad
845 299 1022 352 vaginas
1061 298 1318 341 lanceolatas
1351 298 1615 341 acuminatas
1648 298 1857 353 reductis,

157 359 424 402 involucellis
450 358 737 412 oligophyllis,
762 357 964 400 umbellae
989 357 1121 400 radiis
1149 358 1220 398 5-7
1244 357 1368 400 valde
1399 358 1698 411 inaequalibus,
1724 359 1855 400 meri-

154 418 314 471 carpiis
339 418 476 459 ovatis
509 416 791 471 planiusculis
817 418 917 458 area
943 416 1124 458 neutrali
1147 429 1170 457 a
1194 417 1386 470 margine
1420 417 1601 470 fungoso
1633 418 1729 459 albo
1769 417 1858 460 dis-

157 477 302 526 tincta,
326 476 610 518 commissura
636 474 910 529 planiuscula
936 474 1007 529 (Ξ).

205 550 303 586 Hah.
322 550 363 584 in
382 549 547 603 collibus
568 549 779 603 etregione
797 548 1143 602 montana-Libani
1163 548 1310 594 (Labill
1323 551 1359 595 l),
1382 549 1602 584 Antilibani
1620 560 1741 608 prope
1760 549 1856 585 Ras-

156 597 280 643 cheya
300 599 336 632 et
354 598 499 632 montls
515 596 640 631 Cassu
656 595 839 640 (B01ss.l],
856 597 1000 630 Amani
1018 596 1108 640 (Ky.
1127 607 1207 631 exs.
1229 597 1345 641 1461).
1365 596 1421 632 Fl.
1439 597 1515 631 Jul.

205 659 438 707 Tripedalis,
457 658 551 694 folia
577 658 761 694 inferiora
779 658 1031 705 semipedalia
1049 661 1086 694 et
1104 658 1280 704 longiora
1299 661 1510 705 segmentis
1529 660 1589 695 1-1
1613 660 1653 704 ¹s2
1673 660 1857 706 pollicem

161 707 290 753 longis
311 708 330 742 1
354 707 437 751 ’βα-2
458 706 582 742 lineas
600 705 701 751 latis,
718 706 947 752 mericarpia
964 706 988 741 2
1004 706 1128 741 lineas
1146 706 1275 752 longa.

219 860 257 900 3.
290 858 338 901 J.
365 857 623 912 fungosa
648 857 810 912 (Boiss.
850 858 1001 911 Diagn.
1037 858 1129 900 Ser.
1164 858 1195 911 I,
1238 860 1304 911 10,
1336 872 1375 912 p.
1411 860 1488 901 33·
1525 859 1673 912 glabra
1697 862 1860 915 glauca,

157 918 278 961 caule
298 917 427 959 tereti
447 918 558 960 elato
579 917 819 959 dicllotome
841 920 884 959 et
906 917 1055 976 stricte
1075 917 1384 965 ramosissimo,
1402 918 1513 961 foliis
1532 919 1693 964 ambitu
1713 921 1862 963 oblon-

157 977 222 1030 gis
249 976 531 1027 abbreviatis,
559 976 794 1028 segmentis
820 979 1001 1029 anguste
1029 976 1266 1018 linearibus
1290 976 1490 1019 indivisis
1525 981 1568 1019 et
1590 980 1860 1033 2-3-partitis

156 1035 350 1089 margine
375 1034 686 1081 subrevolutis,
709 1034 820 1077 foliis
848 1034 1151 1087 superioribus
1179 1035 1232 1076 ad
1267 1037 1443 1088 vaginas
1472 1037 1732 1080 lanceolatas
1762 1050 1861 1081 acu-

158 1094 341 1136 missatas
382 1093 588 1145 reductis,
621 1093 895 1135 involucellis
922 1093 1208 1147 oligopliyllis,
1241 1095 1439 1136 umbellae
1470 1096 1604 1137 radiis
1635 1099 1708 1139 5-‘7
1737 1097 1862 1139 valde

159 1153 460 1207 lnaequalibus,
483 1152 752 1205 mericarpiis
775 1152 911 1194 ovatis
937 1153 1003 1194 vel
1031 1153 1227 1206 oblongis
1251 1154 1455 1195 convexis
1482 1157 1581 1196 area
1605 1156 1783 1198 centrali
1808 1156 1862 1198 ob

160 1212 449 1266 pericarpium
499 1213 635 1253 totum
680 1211 911 1263 fungosum
949 1210 1212 1264 indistincta,
1248 1213 1533 1255 commissura
1571 1218 1753 1257 concava
1792 1215 1862 1270 (2)-

156 1270 198 1312 J.
222 1270 466 1312 dichotoma
489 1270 628 1312 Boiss.
656 1269 771 1311 Anu.
804 1269 868 1311 Sc.
900 1269 995 1311 Nat.
1026 1272 1151 1323 1844,
1179 1284 1217 1324 p.
1241 1268 1337 1312 304.
1364 1296 1416 1301 ——
1444 1272 1752 1326 Eriosymzplec
1773 1277 1864 1316 tor-

158 1331 286 1370 tuosa
310 1329 356 1370 F.
381 1332 422 1371 et
449 1329 503 1370 M.
535 1328 671 1370 Index
691 1328 806 1370 Petr.
831 1328 880 1380 V,
905 1341 944 1382 p.
971 1329 1038 1370 35.

205 1401 304 1436 Hab.
326 1402 366 1436 in
384 1401 494 1437 siccis
511 1401 682 1447 regionis
702 1402 902 1436 montanae
921 1400 1056 1446 Lydiae
1085 1402 1125 1436 in
1153 1402 1290 1448 Sypilo
1308 1414 1427 1450 supra
1445 1403 1702 1450 Magnesiam,
1724 1408 1865 1444 Tmolo

159 1459 279 1502 supra
297 1447 611 1495 philadelphiam
642 1447 790 1492 (Boissl
816 1447 899 1483 Bal.
932 1458 1014 1483 exs.
1044 1448 1138 1493 552),
1168 1450 1265 1484 circa
1301 1451 1461 1486 Amasia
1478 1456 1515 1486 et
1533 1453 1661 1487 Tokat
1690 1454 1865 1501 (wiedn,

160 1494 281 1540 Lycui
306 1495 406 1531 circa
437 1495 594 1530 Elmalu
619 1495 816 1540 (Bourgl)‚
848 1494 985 1530 Cilicia
1016 1495 1064 1530 ad
1094 1496 1223 1531 Giilek
1251 1497 1352 1541 (Bal.
1371 1508 1450 1533 exs.
1471 1499 1546 1534 sul)
1564 1499 1597 1535 .Ι.
1613 1500 1867 1547 clc'clzocomd),

156 1541 272 1587 Syria
289 1542 370 1577 bor.
388 1543 429 1577 in
445 1542 646 1578 montibus
664 1543 766 1577 inter
784 1542 931 1577 Aintab
950 1545 987 1577 et
1006 1543 1188 1578 Marasch
1206 1544 1430 1590 (Hausskl).

206 1604 326 1640 Valde
344 1605 472 1641 affinis
493 1605 727 1651 praecedenti
751 1605 789 1639 et
818 1604 1113 1640 observandum
1137 1616 1188 1640 an
1212 1608 1316 1641 notae
1345 1618 1366 1642 a
1390 1607 1516 1643 fructu
1546 1609 1786 1656 depromptae
1806 1614 1867 1647 sat

164 1654 283 1687 firmae
302 1652 390 1698 sint,
409 1652 505 1688 folia
522 1652 754 1699 plerumque
772 1652 926 1687 minora
943 1652 1096 1687 laciniis
1115 1654 1417 1699 angustioribus.

220 1810 258 1850 4.
292 1808 340 1851 J.
370 1807 576 1851 Graeca
615 1807 776 1863 (Boiss.
819 1810 863 1850 et
908 1807 1067 1862 Sprun.
1109 1808 1225 1851 Ann.
1271 1808 1337 1852 Sc.
1385 1809 1481 1853 Nat.
1531 1812 1656 1861 1844,
1692 1826 1730 1867 p.
1761 1814 1867 1869 305)

160 1866 308 1920 glabra
334 1867 499 1920 glauca,
528 1867 650 1908 caule
667 1868 795 1909 tereti
813 1866 964 1909 striato
993 1868 1110 1910 nudo
1128 1881 1151 1910 a
1169 1867 1263 1911 basi
1284 1869 1550 1911 divaricatim
1568 1874 1611 1912 et
1627 1871 1869 1915 dicliotome

162 1925 473 1977 ramosissimo,
504 1925 616 1968 foliis
640 1926 802 1968 ambitu
827 1926 1076 1968 lanceolatis
1100 1927 1398 1980 pinnatisectis
1416 1930 1650 1981 segmentis
1674 1931 1868 1985 oblongis

162 1985 206 2026 in
239 1986 312 2026 3-5
343 1984 518 2026 lacinias
543 1983 701 2026 breves
736 1985 921 2027 lineares
949 1985 1017 2026 vel
1041 1985 1432 2039 oblongo-lineares
1468 1987 1636 2030 trifidas
1662 1990 1870 2043 pinnatim

162 2043 305 2087 sectis.
334 2043 498 2096 vaginis
541 2043 723 2085 caulinis
763 2044 1013 2086 lanceolatis
1053 2045 1323 2098 acuminatis,
1361 2047 1561 2088 umbellis
1597 2047 1870 2102 inaequalitcr

163 2105 206 2143 et
231 2101 422 2143 breviter
449 2101 739 2146 3-5-iadiatis.
774 2103 1020 2144 involucelli
1052 2102 1210 2156 phyllis
1251 2105 1338 2157 23,
1376 2105 1645 2159 mericarpiis
1673 2108 1868 2162 oblongis

164 2161 366 2202 convexis
392 2162 491 2202 area
519 2161 700 2202 centrali
721 2161 775 2202 ob
800 2161 1089 2215 pericarpium
1111 2164 1247 2204 totum
1275 2163 1506 2217 fungosum
1535 2165 1707 2207 demum
1736 2166 1870 2209 indis-

165 2219 318 2263 tincta.
353 2219 473 2261 vittis
513 2215 848 2262 vallecularibus
886 2221 1226 2275 irregularibus,
1263 2223 1546 2265 commissura
1584 2227 1770 2266 concava
1795 2226 1866 2280 Q).

164 2276 296 2318 Scsele‘
318 2280 567 2319 tortuosum
596 2277 735 2320 Sibth.
766 2282 808 2320 ct
836 2278 922 2321 Sm.
952 2279 1108 2322 Prodr.
1142 2279 1175 2331 I,
1199 2293 1239 2334 p.
1269 2281 1353 2322 200
1380 2294 1466 2324 non
1489 2281 1536 2324 L.
1567 2307 1621 2312 -—
1662 2283 1873 2326 Carosclt'-

164 2347 271 2377 mm
292 2335 464 2378 distans
487 2335 659 2378 Griseb.
687 2336 798 2390 Spic.
824 2337 856 2388 I,
884 2351 924 2391 p.
949 2339 1046 2379 374.

210 2408 308 2443 Hal).
336 2410 376 2444 in
402 2410 647 2456 rupestribus
679 2410 856 2456 Hymetti
887 2411 1156 2447 meridionalis
1174 2412 1337 2458 (Sprunl
1372 2413 1539 2459 Heldrl),
1557 2415 1596 2449 in
1616 2418 1747 2451 monte
1766 2417 1871 2453 Atho

164 2454 401 2491 Macedoniae
420 2458 486 2499 (ex
504 2457 684 2502 Griseb.).

211 2517 334 2554 Valde
351 2519 479 2554 affinis
497 2518 532 2554 J.
550 2521 733 2565 funqosoe
750 2519 880 2554 differt
899 2520 1010 2556 caule
1029 2521 1159 2556 minus
1181 2522 1282 2557 elato
1301 2522 1431 2568 pedali
1450 2524 1512 2558 vel
1530 2525 1795 2571 sesquipedali
1814 2526 1871 2561 di-

167 2565 370 2600 varicatim
400 2576 471 2601 nec
496 2567 625 2602 stricte
643 2577 809 2611 ramoso,
837 2566 940 2602 foliis
968 2569 1187 2604 minoribus
1212 2570 1397 2605 omnibus
1425 2571 1659 2606 radicalibus
1679 2573 1788 2608 humi
1807 2584 1873 2608 ex-

165 2612 299 2656 pansis
318 2622 484 2658 quorum
503 2613 885 2667 infimaUpraesertim
916 2625 961 2649 ea
990 2614 1125 2650 Daeccz'
1153 2615 1308 2652 Carotw
1334 2617 1514 2657 referunt,
1546 2619 1775 2665 mericarpia
1802 2621 1871 2655 vix

163 2660 186 2692 2
206 2657 330 2694 lineas
350 2659 477 2705 longa.
496 2660 717 2706 Specimlna
735 2671 754 2695 e
772 2660 974 2696 montibus
994 2662 1138 2697 Parnes
1157 2663 1293 2698 Atticm
1313 2666 1349 2699 et
1368 2664 1563 2700 Parnasso
1581 2666 1817 2713 incompleta
1835 2670 1872 2703 et

167 2704 268 2740 foliis
284 2706 423 2741 orbata
441 2706 541 2742 inter
561 2707 660 2743 hanc
680 2710 718 2742 et
735 2706 772 2742 .Ι.
788 2709 1006 2754 funyosam
1023 2709 1145 2744 dubia
1162 2713 1265 2745 sunt.

226 2854 264 2893 5.
297 2853 343 2894 J.
372 2852 588 2907 Alpina
615 2850 764 2909 (Fenzl
792 2855 835 2897 in
864 2855 1074 2909 Russegg.
1099 2856 1214 2898 Reis.
1246 2857 1300 2900 11.
1329 2871 1371 2911 p.
1403 2860 1502 2904 961.
1537 2860 1619 2901 tab.
1655 2862 1723 2916 17)
1751 2863 1871 2914 glau-

165 2922 355 2963 cescens,
382 2912 503 2953 caule
530 2912 692 2965 pumilo
717 2913 967 2955 ascendenti
1011 2915 1195 2968 simplici
1232 2917 1300 2958 vcl
1324 2916 1619 2967 biun‘ibcllato,
1646 2919 1755 2962 soliis
1783 2934 1874 2964 om-

169 2968 296 3011 nibus
321 2970 581 3013 radicalibus
605 2971 812 3014 brevibus
841 2972 1140 3025 pinnatiscctis
1168 2975 1501 3028 approximatim
1526 2978 1752 3032 4-5-jugis,
1777 2992 1873 3034 seg-
