2015 3227
144 217 476 266 Rhynchoearpa.
828 222 1154 251 cucURBITAGEAE.
1765 213 1842 250 763

191 316 278 354 Oba.
307 315 366 351 Ex
391 315 527 351 ordine
548 313 916 350 Cucurbitacearum
930 315 1069 359 praeter
1087 312 1232 359 species
1250 312 1439 348 indicatas
1483 313 1587 349 lures
1606 313 1694 348 aliae
1717 313 1757 348 in
1780 313 1839 349 di-

145 364 250 399 tione
269 363 459 407 coluntur,
477 373 512 397 v.
533 372 586 408 gr.
608 359 826 397 Cucurbitoe
844 370 900 406 sp.
914 358 1125 404 nonnullae.
1150 358 1384 405 Laqenarz‘a
1399 371 1449 396 vu
1463 360 1584 406 yar-is,
1608 359 1838 396 Trichosan-

144 410 225 447 thes
238 421 307 457 sp.‚
322 409 446 456 Luffa
464 413 615 454 aeman,
638 407 708 443 ula
721 409 759 443 et
772 405 1027 453 AEqyptz'aca,
1041 405 1175 453 Syez’os
1185 406 1397 453 angyulatus
1411 407 1450 442 L.
1464 408 1595 453 planta
1606 407 1840 442 Americana

143 456 181 494 in
197 468 307 504 prov.
323 456 540 492 Caucasicis
559 466 604 490 eo
633 465 693 490 em
711 453 829 489 modo
841 463 919 500 quo
934 453 973 488 in
988 452 1144 488 Banatu
1161 454 1198 489 et
1214 454 1355 489 Bossia
1372 454 1535 489 australi
1548 454 1629 499 jam
1644 454 1838 500 inquilina

145 505 255 540 facta.
270 503 466 539 —Mukia
489 501 681 539 scabrella
707 502 798 536 Arn.
824 511 873 535 ex
899 500 1025 535 Aitch.
1048 501 1129 535 Cat.
1149 500 1190 535 in
1208 501 1365 546 regione
1383 501 1520 537 Scinde
1538 500 1657 536 Indiae
1669 501 1753 536 etin
1768 500 1840 536 Be-

146 551 314 587 lutschia
334 550 528 586 indicatur
546 548 615 585 sed
636 558 722 584 eam
741 558 761 584 e
779 547 925 583 ditione
943 557 1020 583 non
1039 547 1131 582 vidi.

572 737 734 785 ORD.
780 741 1000 784 XLVIII.
1041 736 1409 784 DATISCEAE

790 845 923 888 Enni..
958 843 1064 887 va.
1099 846 1198 888 897.

205 954 355 999 Flores
397 957 620 1010 regulares
645 955 769 997 dioici
800 955 945 997 rarius
978 954 1319 1008 hermaphroditi
1350 954 1418 996 vel
1445 954 1672 1008 polygami.
1711 953 1844 1008 Calyx

146 1015 503 1069 hemisphaericus
525 1014 594 1057 vel
621 1015 814 1057 breviter
838 1013 1084 1066 tubulosus,
1115 1014 1226 1057 lobis
1256 1012 1498 1067 aequalibus
1522 1013 1591 1055 vel
1617 1013 1846 1067 inaeqiiali-

146 1075 240 1119 hus.
267 1074 415 1115 Petala
440 1074 560 1117 nulla
585 1074 655 1117 vel
681 1075 706 1116 8
734 1085 879 1127 parva.
902 1071 1093 1115 Stamina
1121 1072 1185 1127 (in
1207 1073 1302 1115 flor.
1330 1072 1482 1126 masc.)
1508 1082 1691 1115 numero
1724 1072 1844 1115 varia

145 1133 277 1188 calyci
298 1132 464 1175 inserta
490 1135 532 1175 et
558 1134 653 1187 ejus
679 1132 790 1175 lobis
828 1131 1041 1185 opposita.
1070 1130 1277 1174 Ovarium
1311 1130 1378 1186 (in
1410 1130 1504 1173 flor.
1544 1130 1661 1184 fem.)
1686 1131 1843 1184 calycis

143 1193 250 1237 tubo
276 1191 482 1249 adnatum
506 1192 771 1234 uniloculare
794 1190 913 1245 apice
933 1192 1131 1245 apertum
1155 1191 1226 1233 vel
1248 1191 1458 1237 clausum,
1476 1190 1683 1243 placentis
1706 1191 1844 1244 parie-

146 1252 320 1304 talibuS,
345 1250 486 1293 ovulis
519 1250 765 1293 numerosis
793 1250 1027 1304 anatropis.
1057 1248 1166 1301 Styli
1191 1252 1253 1292 tot
1279 1253 1386 1303 quot
1411 1249 1628 1302 placentae.
1657 1249 1844 1291 Fructus

147 1309 400 1366 capsularis.
434 1308 608 1352 Semina
630 1320 862 1352 numerosa
886 1308 1052 1351 minuta
1078 1308 1296 1351 albumine
1320 1320 1462 1362 parco.
1480 1332 1537 1338 —-
1552 1306 1746 1349 Arbores
1774 1308 1845 1349 vel

144 1370 209 1425 (in
234 1367 420 1423 nostris)
447 1368 603 1410 herbae.
638 1392 692 1397 —
730 1367 847 1411 Ordo
871 1366 1152 1420 Beyoniaceis
1173 1367 1308 1410 ovarii
1338 1369 1380 1409 et
1402 1367 1580 1409 seminis
1621 1368 1844 1409 structura

145 1428 283 1471 affinis
306 1427 387 1470 sed
411 1427 574 1477 habitu,
603 1425 860 1469 staminibus
885 1428 980 1468 toro
998 1438 1084 1468 non
1100 1425 1293 1476 insertis,
1320 1425 1513 1468 antheris
1530 1425 1746 1467 filamento
1759 1437 1846 1468 non

148 1487 332 1539 adnatis,
358 1489 454 1536 ete,
476 1486 601 1528 valde
623 1485 874 1539 discrepans
901 1484 1018 1541 (Bth.
1042 1487 1086 1528 et
1105 1484 1239 1528 Hook.
1266 1483 1370 1528 Gen.
1399 1497 1438 1539 p.
1466 1484 1588 1539 844).

687 1656 900 1706 ΒΑΤΙὸῦΑ
931 1657 990 1719 (L.
1018 1656 1117 1705 Gen.
1150 1654 1296 1717 1132).

204 1774 354 1816 Flores
382 1772 520 1815 dioici.
555 1773 703 1815 Petala
724 1773 855 1815 nulla.
882 1771 1013 1813 Maso.
1047 1769 1213 1824 Calycis
1239 1770 1372 1813 tubus
1409 1769 1699 1814 brevissimus
1734 1772 1847 1815 lobis

145 1834 222 1876 4-9
248 1831 551 1886 inaequalibus.
573 1831 761 1874 Stamina
790 1832 890 1874 9-11
917 1830 1026 1873 lobis
1053 1829 1255 1883 calycinis
1282 1829 1442 1882 saepius
1465 1830 1675 1884 opposita,
1694 1832 1851 1873 anthe-

145 1892 208 1935 ris
232 1891 460 1934 sessilibus
478 1891 718 1933 linearibus
741 1889 964 1943 elongatis.
988 1888 1101 1931 Fem.
1120 1887 1252 1942 Calyx
1274 1887 1482 1931 ovoideus
1506 1889 1704 1941 trigonus
1727 1890 1848 1943 apice

145 1950 421 1993 trident-atus.
451 1949 561 2004 Styli
586 1952 676 1992 tres
702 1949 924 1991 filiformes
938 1947 1134 2002 bipartiti
1147 1946 1315 1990 laciniis
1339 1946 1456 1989 intus
1479 1948 1717 2002 papillosis.
1740 1948 1848 2003 Cap-

146 2010 244 2052 sula
270 2010 529 2052 3-4-costata
562 2010 744 2062 angusta
770 2008 951 2061 oblonga
986 2007 1106 2061 apice
1142 2006 1256 2048 inter
1285 2005 1422 2060 stylos
1447 2006 1582 2049 hians.
1619 2032 1669 2037 —
1697 2007 1843 2050 Herba

148 2068 299 2123 glabra
323 2067 428 2110 facie
454 2066 717 2119 Οαηηαῦεοε,
745 2067 890 2110 fructu
912 2065 1124 2109 Resedam
1149 2065 1359 2107 referens.

209 2225 246 2267 1.
280 2224 338 2268 D.
368 2221 706 2267 cannabina
741 2222 808 2277 (L.
836 2221 907 2277 Sp.
931 2222 1061 2277 1460)
1088 2221 1247 2275 glabra,
1274 2221 1394 2264 caule
1415 2225 1557 2264 erecto
1580 2221 1704 2273 elato,
1728 2220 1845 2262 foliis

147 2282 496 2338 imparipinnatis
516 2281 673 2325 foliolis
698 2281 945 2325 lanceolatis
970 2280 1223 2325 acuminatis
1246 2291 1398 2334 grosse
1431 2280 1610 2322 serratis
1638 2291 1845 2333 supremo

148 2352 262 2396 saepe
287 2342 465 2385 trisecto
497 2341 590 2384 basi
615 2339 895 2394 decurrenti,
930 2341 1111 2384 floribus
1146 2339 1191 2382 in
1224 2351 1418 2382 racemos
1452 2339 1600 2392 longos
1636 2339 1844 2380 axillares

148 2401 259 2444 foliis
287 2400 524 2443 linearibus
550 2399 816 2453 subint-egris
841 2400 1117 2443 intermixtos
1144 2397 1380 2453 dispositis,
1407 2397 1595 2452 capsulis
1615 2397 1846 2450 pedicella-

149 2460 205 2503 tis
240 2458 443 2514 pendulis
479 2464 538 2508 36.
574 2458 630 2501 Ic.
655 2457 716 2500 Fl.
746 2458 881 2502 Graec.
905 2462 933 2502 t.
962 2460 1060 2501 960.
1091 2480 1146 2491 -
1173 2456 1223 2500 D.
1257 2455 1511 2510 Nepalensz‘s
1554 2456 1650 2498 Don
1690 2454 1844 2497 Prodr.

151 2518 259 2573 Nap.
290 2519 387 2560 202.

198 2594 299 2629 Hab.
325 2594 366 2629 in
385 2593 498 2629 Creta
525 2594 574 2629 ad
599 2593 749 2630 rivulos
807 2603 887 2630 rov.
912 2591 1086 2639 Sphakia
1113 2591 1306 2637 (Heldrl)‚
1330 2589 1517 2635 Bithynia
1551 2588 1601 2625 ad
1628 2588 1847 2624 Broussam

150 2640 358 2686 (Grisebl),
377 2640 502 2686 Lydia
529 2639 579 2676 ad
608 2640 723 2677 basin
796 2638 926 2686 esogis
951 2639 1130 2684 (Boiss!)‚
1157 2641 1194 2675 et
1218 2638 1259 2673 in
1285 2635 1422 2684 Sypilo
1449 2636 1621 2681 (Sibth.)‚
1646 2635 1781 2670 Cilicia
1799 2634 1848 2669 ad

150 2688 347 2733 margines
360 2687 543 2724 humidos
561 2688 636 2724 rivi
653 2687 867 2724 Guzeldere
885 2687 1021 2731 (Ball),
1038 2686 1180 2722 Libani
1193 2686 1292 2721 circa
1310 2685 1418 2719 Eden
1436 2683 1564 2729 (Reyg
1576 2685 1601 2728 l)
1620 2684 1659 2719 et
1675 2683 1712 2717 in
1734 2682 1849 2717 (litio-

150 2744 200 2771 ne
218 2735 344 2770 Danie
364 2734 476 2780 (1311),
499 2745 608 2782 prov.
627 2734 1041 2771 Transcaucasicarum
1069 2733 1217 2777 (Ledeb
1229 2734 1267 2778 1),
1290 2731 1434 2768 Persiae
1452 2731 1532 2766 bor.
1551 2730 1588 2765 in
1602 2729 1779 2765 faucibus
1812 2730 1850 2764 et

151 2781 358 2828 paludosis
376 2781 521 2818 montis
539 2780 682 2818 Elbrus
701 2782 790 2828 (Ky.
810 2781 901 2817 404!
923 2784 961 2817 et
977 2780 1047 2816 669
1057 2782 1094 2826 Ξ).

201 2844 264 2880 Ar.
291 2844 422 2891 Geogr.
449 2844 572 2891 Regio
589 2844 808 2881 Himalaica
825 2843 957 2880 Indiae.
