1984 3166
120 220 194 256 788
813 219 1115 247 anssnLAczAE.
1658 209 1816 248 Selium„

171 315 270 351 Hah.
298 315 340 350 in
369 312 520 349 saxosis
550 310 720 356 regionis
750 307 943 344 inferioris
960 307 1096 343 Cretae.
1122 306 1163 341 in
1191 306 1300 342 fauce
1323 305 1584 342 Kordiliotiko
1609 306 1816 353 Eparchiae

121 363 248 408 Hagio
261 360 396 406 Vasily
414 358 600 404 (Heldrl),
621 358 661 392 in
678 354 943 404 promontorio
959 353 1118 389 Maleka
1135 353 1252 398 (Raul
1263 355 1299 398 !).
1318 353 1375 388 Fi.
1393 353 1483 388 Mai.

166 423 352 462 Plantula
377 420 667 468 2-3-pollicaris,
703 418 798 454 folia
831 416 1018 453 radicalia
1040 416 1104 451 5-6
1128 415 1197 451 lin.
1225 415 1346 461 longa
1372 416 1396 451 2
1423 416 1465 461 ¹l²
1491 414 1584 460 lata,
1616 416 1731 451 flores
1756 416 1814 452 eis

120 473 159 511 S.
180 472 312 519 Cepeaz
329 469 585 506 subminores.
613 466 675 502 Ab
708 465 782 501 hac
807 464 932 511 specie
959 463 1184 499 distinctum
1215 462 1319 498 foliis
1354 462 1554 507 rosulatis,
1579 463 1741 498 floribus
1759 463 1816 499 ob

120 519 246 568 petala
264 513 655 554 erecto-conniventia
674 523 745 548 nec
766 521 942 558 expansa
958 509 1223 555 subglobosis,
1242 509 1385 557 sepalis
1403 510 1653 556 abbreviatis,
1670 509 1814 556 petalis

121 565 364 614 glandulosis
382 563 512 598 minus
530 559 762 597 acuminatis
779 568 847 595 nec
866 557 1026 604 glabris.

181 715 247 755 35.
281 711 331 755 S.
368 711 575 765 Cepaea
607 707 674 762 (L.
707 706 779 761 Sp.
810 705 915 759 617)
952 704 1148 747 caulibus
1186 703 1520 747 ascendentibus
1552 706 1622 748 vel
1653 706 1812 749 erectis

122 771 345 827 puberulis
372 770 423 810 ad
453 768 518 810 vel
545 766 659 809 infra
679 765 870 807 medium
892 764 935 806 in
958 763 1198 817 paniculam
1229 763 1397 816 longam
1422 766 1648 816 angustam
1674 765 1811 817 cymis

121 828 419 886 pedunculatis
447 825 693 880 patentibus
720 826 986 866 constantem
1014 821 1288 874 abeuntibus,
1316 821 1426 864 foliis
1452 822 1611 875 glabris
1638 823 1709 866 vel
1731 836 1814 877 pu-

119 890 282 932 berulis
319 884 595 929 inferioribus
627 883 820 925 obovatis
857 882 1024 924 obtusis
1059 881 1102 923 in
1137 881 1343 934 petiolum
1378 881 1612 924 attenuatis
1648 883 1810 937 saepius

119 947 327 1002 oppositis
352 945 421 987 vel
444 942 723 987 verticillatis.
746 940 1047 995 superioribus
1071 938 1512 993 oblongo-linearibus
1535 940 1718 994 sparsis,
1736 953 1813 995 pe-

120 1007 282 1050 dicellis
315 1004 520 1047 ‘tenuibus
545 1001 640 1043 ssori
668 1000 935 1054 aequilongis,
973 998 1127 1053 ealycis
1164 998 1330 1041 laciniis
1364 998 1810 1051 triangulari-lanceo-

119 1066 216 1109 latis
236 1065 386 1115 aculis,
403 1061 555 1116 petalis
573 1059 914 1102 albo-subroseis
935 1056 1185 1100 lanceolatis
1203 1057 1457 1101 acuminatis
1475 1058 1618 1112 calyce
1640 1059 1813 1112 2-3-plo

119 1123 386 1177 longioribus
429 1126 475 1171 Θ
516 1120 569 1161 Ic.
606 1118 668 1160 Fl.
718 1117 852 1160 Graec.
888 1118 973 1160 tab.
1013 1117 1113 1158 447.
1139 1140 1192 1146 -
1212 1116 1255 1159 S.
1279 1114 1491 1169 aalioides
1514 1115 1598 1158 All.
1624 1116 1727 1160 Ped.
1754 1142 1805 1148 -

120 1182 168 1225 G.
186 1180 486 1235 spathulatmn
501 1178 569 1220 W.
591 1178 637 1220 K.
662 1177 802 1230 Hung.
828 1179 856 1219 t.
887 1177 982 1219 104.
996 1199 1050 1208 -
1066 1173 1106 1218 S.
1125 1173 1326 1217 strictum
1343 1173 1386 1216 C.
1406 1175 1524 1218 Koch
1542 1174 1665 1219 Linn.
1690 1176 1810 1230 XIX,

120 1254 160 1296 p.
188 1241 276 1282 42⁶?

164 1313 262 1349 Hab.
280 1313 321 1348 in
339 1310 535 1347 umbrosis
552 1311 591 1345 et
607 1309 809 1354 sylvaticis
834 1307 1002 1353 regionis
1030 1309 1240 1351 montanae,
1266 1306 1560 1353 Peloponnesus
1579 1308 1628 1344 ad
1645 1307 1809 1344 Trikala

115 1361 231 1405 3500’,
248 1359 431 1396 Parnassi
449 1358 554 1403 regio
572 1356 731 1392 inferior
743 1358 780 1391 et
795 1355 938 1401 Delphi
952 1354 1096 1390 Eubeae
1111 1354 1295 1400 (Heldrl),
1311 1354 1539 1390 Macedonia
1550 1355 1592 1390 in
1605 1355 1808 1391 montibus

117 1408 242 1443 Athos
268 1410 304 1442 et
324 1405 515 1441 Korthiati
533 1404 699 1448 (Griseb,
719 1402 885 1447 Heldrl),
911 1402 1078 1437 Thracia
1104 1402 1144 1437 in
1175 1401 1365 1448 Rhodope
1389 1401 1539 1447 (Εἰήν.)7
1557 1401 1749 1448 Bithynia
1765 1403 1807 1438 in

118 1455 273 1501 regione
292 1453 483 1499 sylvatica
503 1451 662 1497 Olympi
679 1450 842 1494 (Boissll
861 1453 897 1485 et
914 1449 1045 1495 Mysia
1062 1448 1245 1494 (Tchih.].
1264 1448 1321 1484 Fi.
1339 1448 1419 1484 Jul.

176 1520 217 1574 β.
252 1516 577 1571 tetrapleyllaecm.
611 1540 657 1545 —-
688 1514 802 1556 Folia
838 1514 929 1556 fere
967 1513 1109 1555 omnia
1142 1513 1432 1568 quaternatim
1458 1514 1712 1556 verticillata
1739 1516 1808 1558 vel

117 1579 326 1633 opposita.
355 1597 410 1608 —-
433 1576 464 1619 S
488 1573 806 1628 tetraphyllum.
832 1573 894 1615 Fi.
919 1571 1053 1614 Graec.
1082 1572 1129 1625 V,
1150 1585 1190 1626 p.
1220 1574 1288 1623 36,
1311 1572 1399 1614 tab.
1426 1573 1524 1615 448.

164 1651 263 1687 Hab.
284 1651 323 1685 in
341 1650 610 1700 Peloponneso
639 1647 810 1693 (Simia),
839 1648 971 1682 monte
990 1646 1221 1681 Arachneon
1240 1645 1438 1691 Argolidis
1461 1645 1654 1692 (Sprunl),
1670 1647 1810 1694 penirr-

114 1699 205 1734 sula
225 1699 352 1733 Athoa,
369 1697 571 1741 (Gi-iseo).

160 1758 400 1796 Intermediis
419 1758 469 1793 ad
488 1760 626 1803 typum
645 1755 795 1791 transit.

160 1826 222 1861 Ar.
246 1825 375 1869 Geoqr.
398 1822 540 1867 Gallia,
564 1820 755 1868 Hispania
780 1820 875 1863 bor„
903 1819 1099 1865 Belgium,
1129 1818 1321 1866 Helvetia,
1346 1819 1470 1865 Italia,
1488 1819 1698 1865 Dalmatia,
1716 1829 1806 1866 pro-

113 1872 253 1908 vinciae
272 1869 525 1906 Danubiales.

720 2047 838 2091 SECT.
863 2047 934 2089 IV.
962 2048 1191 2090 EPETEIUM.

793 2155 812 2173 *
862 2155 973 2191 Folia
991 2155 1119 2202 plana.

173 2243 239 2283 36.
272 2240 325 2284 S.
354 2239 659 2283 stellatum
682 2239 700 2293 (
705 2238 750 2279 L.
779 2237 849 2292 Sp.
875 2237 983 2291 617]
1004 2239 1216 2291 glabrum,
1242 2238 1354 2280 foliis
1379 2239 1544 2292 sparsis
1570 2239 1711 2293 planis
1731 2240 1802 2282 vel

113 2299 452 2344 concaviusculis
479 2297 874 2340 obovato-cuneatis
911 2298 977 2339 vel
1014 2297 1239 2340 deltoideis
1277 2309 1428 2351 grosse
1456 2299 1643 2340 crematis
1663 2298 1707 2340 in
1732 2311 1802 2353 pe-

110 2360 262 2402 tiolum
290 2358 536 2404 attenuatis,
562 2357 756 2399 caulibus
785 2356 991 2398 brevibus
1012 2357 1314 2400 crassiusculis
1334 2357 1601 2410 simplicibus
1623 2358 1690 2399 vel
1708 2357 1800 2400 basi

111 2419 307 2470 ramosis,
331 2428 462 2472 cyruae
487 2416 726 2458 terminalis
759 2415 940 2457 racemis
974 2416 1042 2457 1-3
1085 2415 1331 2458 divaricatis
1363 2416 1645 2469 scorpioirleis
1675 2417 1800 2469 laxis,

111 2477 292 2520 floribus
339 2475 582 2524 sessilibus,
619 2474 773 2528 calycis
805 2473 971 2516 laciniis
1007 2473 1245 2517 linearibus
1282 2473 1608 2527 obtusiuscufis,
1644 2475 1799 2528 petalis

110 2535 530 2591 purpurasceutibus
564 2537 744 2587 anguste
778 2532 1023 2575 lanceolatis
1056 2533 1335 2576 acutiusculis
1363 2533 1549 2587 calycem
1574 2534 1646 2575 vix
1671 2546 1800 2588 supe-

108 2595 321 2648 rantibus,
359 2594 558 2648 carpcllis
603 2592 764 2646 glabris
812 2591 857 2633 in
899 2592 1067 2634 stellam
1107 2592 1312 2646 expansis
1361 2597 1407 2643 O
1454 2592 1509 2635 Ic.
1554 2592 1613 2634 Fl.
1658 2591 1795 2635 GraeC.

108 2654 194 2697 tab.
221 2656 317 2696 446.

156 2728 255 2764 Hab.
287 2728 338 2764 acl
372 2738 504 2764 muros
538 2730 576 2763 et
612 2727 652 2762 in
685 2726 795 2762 siccis
827 2725 1018 2770 Zacynthi
1050 2725 1227 2771 (Margo,
1256 2725 1508 2772 Cephaloniae
1526 2726 1576 2762 ad
1595 2725 1797 2772 Argostoli

108 2775 294 2819 (Heidrl),
313 2776 435 2811 Cretae
454 2774 624 2820 (Simu),
641 2773 899 2820 Peloponnesi
916 2772 1066 2818 (Bory).
1088 2772 1142 2807 Fl.
1166 2775 1256 2819 Apr.
1282 2772 1373 2808 Mai.

153 2841 213 2877 Ar.
236 2841 365 2886 Geoqr.
392 2840 520 2877 Gallia
540 2840 736 2879 australis
756 2839 948 2886 Hispania
967 2838 1176 2883 orientalis,
1197 2838 1319 2883 Italia,
1338 2838 1554 2875 Dalmatia.
