2085 3231
256 185 304 222 80
961 189 1238 216 LEGUMINOSAE.
1723 179 1960 228 Tffyonella.

258 264 444 316 muticis‚
485 262 669 306 floribus
708 262 813 304 8-10
838 259 1083 303 umbellatis
1104 259 1271 313 magnis
1296 259 1422 302 flavis
1441 292 1452 312 ‚
1484 259 1645 314 calycis
1671 260 1830 303 corolla
1853 273 1960 315 qua-

258 324 414 377 druplo
442 321 655 365 brevioris
692 319 896 362 dentibus
928 318 1269 371 triangularibus
1298 317 1586 372 inaequalibus
1615 319 1720 361 tubo
1743 318 1958 362 breviori-

258 384 355 435 bus,
378 381 595 434 legumine
616 377 876 433 glaberrimo
898 378 1024 430 longo
1050 376 1169 419 tenui
1193 375 1429 429 cylindrico
1462 376 1798 431 subcompresso
1825 378 1959 420 semi-

260 440 530 484 circulariter
556 439 737 480 incurvo
763 435 883 490 apice
918 435 1223 478 suhattenuato
1250 435 1551 478 mucronulato
1577 436 1661 478 sub
1688 437 1804 479 lente
1831 436 1960 479 obso-

258 501 343 543 lete
375 502 417 540 et
444 496 811 550 longitudinaliter
828 495 994 543 striato,
1019 493 1260 537 seminibus
1284 493 1534 547 cylindricis
1559 498 1622 545 Θ.

303 573 404 608 Hab.
426 572 465 607 in
485 571 588 616 agris
606 570 707 605 circa
722 569 876 616 Aleppo
893 568 1018 614 Syriae
1042 567 1220 612 (Haussk
1232 567 1260 615 l)
1289 567 1454 605 Arabico
1471 567 1703 605 Hendabuk.

303 635 444 671 Caules
463 633 733 680 semipedales,
756 632 870 668 flores
899 631 1066 668 5.lineas
1097 631 1227 677 longi,
1257 631 1460 676 legumina
1476 632 1573 677 (non
1593 642 1753 679 prorsus
1768 634 1957 678 matura).

256 682 591 729 sesquipollicaria
617 680 731 715 lineae
762 679 804 724 Ἃ
831 682 984 715 tantum
1013 678 1109 713 lata.
1136 678 1275 714 Affinis
1307 677 1348 715 T.
1378 677 1648 726 Coelesyrz‘acae
1677 679 1807 715 differt
1846 679 1957 726 legu-

256 731 429 766 minibus
447 726 741 774 angustioribus
760 727 889 772 magis
906 725 1090 770 curvatis,
1108 725 1325 762 seminibus
1344 725 1582 771 cylindricis.

318 870 385 911 37.
419 870 472 912 T.
509 867 903 923 Caelesyriaca
943 866 1103 923 (Boiss.
1130 865 1284 920 Diagn.
1319 865 1412 909 Ser.
1443 865 1475 919 I,
1507 860 1548 919 9,
1582 879 1623 921 p.
1653 865 1725 922 19)
1761 877 1890 920 parce
1914 868 1960 909 et

261 929 454 972 breviter
484 927 645 969 hirtula
671 926 785 968 foliis
807 925 1034 979 glabratis‚
1058 925 1255 968 caulibus
1280 925 1586 968 crassiusculis
1621 925 1960 968 ascendentibus

257 987 457 1041 ramosis,
489 985 662 1039 stipulis
709 984 1032 1038 semisagitattis
1070 982 1351 1027 inferioribus
1394 984 1581 1026 dentatis
1624 984 1695 1026 vel
1740 983 1957 1038 profunde

255 1046 418 1098 incisis,
441 1044 596 1088 foliolis
622 1044 817 1087 obovatis
835 1055 1027 1097 superne
1044 1042 1318 1086 denticulatis
1349 1042 1572 1085 interdum
1591 1043 1768 1097 retusis,
1788 1041 1955 1097 pedun-

256 1105 350 1148 culo
375 1105 471 1147 folio
497 1103 837 1157 subaequilongo‚
862 1102 1046 1146 floribus
1070 1103 1145 1145 6-9
1174 1102 1342 1155 magnis
1369 1102 1578 1156 capitatis,
1605 1102 1761 1156 calycis
1795 1100 1958 1144 corolla

256 1163 386 1218 triplo
411 1162 625 1206 brevioris
659 1162 862 1204 dentibus
898 1161 1427 1215 triangulari-lanceolatis
1463 1160 1567 1204 tubo
1606 1160 1862 1215 aequilongis
1887 1158 1959 1202 vel

259 1222 551 1273 brevioribus,
579 1221 794 1275 legumine
816 1224 960 1263 erecto
974 1220 1148 1264 tandem
1180 1219 1349 1262 deflexo
1377 1219 1612 1274 cylindrico
1634 1223 1809 1263 arcuato
1830 1218 1961 1262 ¹venis

256 1281 462 1324 tenuibus
476 1280 859 1334 longitudinalibus
878 1279 1149 1334 subobliquis
1164 1279 1586 1322 anastomosantibus
1597 1290 1808 1333 percurso
1818 1282 1959 1331 acuto,

257 1340 498 1382 seminibus
521 1339 870 1393 subcompressis
897 1338 1104 1392 utrinque
1128 1338 1341 1381 truncatis
1368 1337 1678 1392 subquadratis
1703 1342 1768 1391 Θ.

306 1421 408 1467 Hab.
421 1420 473 1456 ad
490 1421 687 1466 margines
697 1430 882 1466 agrorum
897 1419 1119 1466 Caelesyriae
1127 1419 1229 1455 inter
1238 1419 1414 1455 Zebdani
1432 1422 1470 1455 et
1481 1419 1622 1455 Zachle
1640 1420 1771 1465 (Boiss
1784 1423 1791 1456 l
1803 1419 1960 1466 Gaius),

263 1468 314 1505 ad
334 1469 574 1504 Damascum
601 1467 725 1513 (Gaill
741 1469 782 1515 !)‚'
803 1467 852 1502 ad
878 1468 1030 1514 Aleppo
1056 1469 1094 1502 et
1115 1467 1262 1504 Aintab
1284 1468 1384 1503 inter
1408 1471 1559 1512 segetes
1577 1467 1756 1513 (Haussk
1765 1468 1803 1514 1),
1827 1468 1868 1503 in
1886 1469 1960 1503 Ar—

258 1516 392 1552 menia
408 1515 573 1551 australi
592 1515 642 1551 ad
661 1514 812 1561 Karput
833 1515 934 1560 (Noe
946 1517 983 1559 1).
1002 1514 1058 1550 Fl.
1080 1515 1171 1561 Apr.
1190 1514 1280 1550 Mai.

257 1627 276 1661 f
305 1579 448 1662 ΡΙῗηιει
473 1590 578 1626 saepe
601 1578 766 1626 pedalis,
792 1578 907 1614 flores
924 1579 946 1613 4
962 1578 1004 1624 ‘la
1026 1578 1160 1630 lineas,
1188 1577 1391 1625 legumina
1423 1579 1484 1614 1-1
1506 1579 1546 1623 tsi
1576 1577 1781 1625 pollicaria
1809 1578 1957 1615 lineam

274 1637 336 1663 ere
377 1630 456 1662 ata.

314 1694 358 1748 β.
394 1691 669 1736 Gaillardoti.
695 1716 748 1724 -
768 1692 915 1747 MaJor,
933 1692 1076 1735 follola
1092 1691 1412 1746 subpollicaria,
1431 1692 1563 1734 flores
1586 1693 1610 1734 5
1632 1691 1706 1734 lin.
1730 1692 1859 1747 longi,
1878 1692 1957 1735 alae

255 1753 485 1807 longiores.
514 1776 565 1783 —
599 1753 641 1795 T.
667 1750 933 1794 Gaillardcti
957 1750 1101 1793 Bois-5¹.
1124 1751 1274 1805 Diagn.
1295 1750 1386 1794 Ser.
1410 1750 1464 1804 ΙΙ,
1487 1753 1527 1804 5,
1552 1764 1592 1805 p.
1623 1752 1689 1794 78.

301 1825 402 1862 Hab.
421 1826 463 1862 in
480 1825 595 1862 cultis
614 1825 666 1862 ad
690 1825 877 1862 Sidonem
895 1825 1064 1870 (Gailll).

347 1915 365 1931 *
393 1915 412 1926 ⁶
438 1915 457 1932 *
487 1915 707 1962 Leguinina
734 1914 1192 1997 cylindricgt·lat⁶1³mmetr
1217 1906 1606 1951 reticulato-'nervosa
1625 1915 1690 1951 vel
1711 1914 1841 1951 laevia.

969 1973 1035 2009 ipu
1056 1972 1088 1997 ae
1120 1973 1159 1997 in
1180 1971 1292 2008 egrae.

767 2046 810 2088 4-
836 2041 995 2078 Semina
1013 2044 1130 2081 ovata
1155 2041 1220 2078 vel
1237 2030 1422 2087 oblonga.

314 2174 381 2217 38.
416 2174 470 2216 T.
499 2172 911 2228 Spruneriana
936 2171 1095 2228 (Boiss.
1115 2171 1265 2224 Diagn.
1285 2170 1378 2213 Ser.
1398 2170 1431 2224 I,
1451 2171 1491 2224 2,
1516 2183 1555 2225 p.
1581 2170 1653 2225 17)
1676 2171 1955 2225 adpressius-

254 2234 349 2276 cule
376 2233 583 2285 velutina‚
609 2235 755 2274 erecta
779 2232 849 2274 vel
875 2231 1154 2283 decumbe1]S‚
1179 2230 1353 2284 stipulis
1376 2229 1645 2281 lanceolatis‚
1668 2229 1824 2273 foliolis
1851 2230 1954 2273 obo-

252 2296 350 2334 vato
369 2291 566 2335 cuneatis
579 2302 771 2345 superne
784 2291 985 2339 dentatis,
999 2290 1242 2344 pedunculo
1254 2289 1405 2332 folium
1417 2289 1615 2345 *aequanti
1627 2289 1726 2331 dein
1740 2290 1955 2342 elongato,

251 2352 434 2395 floribus
458 2352 562 2394 8-10
588 2350 1028 2403 racemoso-capitatis
1051 2349 1191 2391 ssavis.
1217 2348 1374 2403 calycis
1392 2349 1555 2396 corolla·
1571 2347 1747 2391 dimidia
1768 2347 1954 2391 subbre-

254 2411 385 2453 vioris
429 2410 634 2452 dentibus
668 2406 1193 2462 triangulari-lanceolatis
1231 2407 1518 2463 inaequalibus
1556 2406 1661 2450 tubo
1694 2406 1953 2450 subbrevio-

248 2470 387 2521 ribus,
416 2470 631 2523 legumine
655 2469 825 2511 hirsute
850 2467 1232 2510 semicirculariter
1253 2467 1449 2519 incurvo,
1474 2467 1639 2509 semine
1667 2469 1886 2509 attenuato
1909 2468 1957 2509 et

247 2530 293 2571 in
332 2540 584 2571 mucronem
620 2528 942 2570 subrecur-vum
977 2526 1152 2569 abeunti
1187 2526 1422 2569 lateraliter
1457 2529 1626 2568 tantum
1659 2530 1701 2575 et
1727 2525 1954 2568 laxissime

247 2588 684 2630 reticulato-nervoso
712 2588 772 2635 Θ.
801 2587 843 2628 Τ.
870 2586 1068 2628 torulosa
1091 2583 1263 2627 Griseb.
1288 2584 1399 2639 Spic.
1424 2584 1456 2631 Ι.
1479 2597 1519 2639 p.
1545 2584 1625 2627 40!

294 2660 394 2695 Hab.
430 2660 469 2695 in
501 2659 670 2695 collibus
689 2659 850 2695 Graeciae
872 2659 912 2694 in
930 2659 1057 2695 Attica
1075 2661 1112 2694 et
1130 2657 1316 2704 Argolide
1334 2657 1500 2704 (Sprunl
1526 2657 1658 2693 Boiss!
1681 2655 1853 2702 fleturi),
1872 2657 1953 2703 By-

247 2708 366 2743 zantii
391 2708 565 2752 (Noel),
596 2706 780 2742 Anatolia
798 2707 849 2742 ad
865 2707 1077 2751 Smyrnam
1105 2705 1203 2749 [Bal
1231 2716 1310 2740 ens.
1330 2705 1463 2750 1801),
1491 2706 1648 2751 regione
1665 2704 1775 2740 infer.
1803 2706 1950 2740 montis

247 2754 386 2790 Cadmi
414 2755 539 2790 Cariae
560 2754 745 2799 (Romi),
772 2753 892 2799 Lycia
909 2753 959 2789 ad
976 2752 1136 2790 Elmalu
1159 2753 1319 2797 (Bourg.
1338 2763 1416 2787 exs.
1435 2752 1479 2788 79
1492 2753 1530 2797 l),
1556 2751 1672 2787 cultis
1695 2751 1880 2798 Phrygiae
1899 2752 1949 2787 ad

246 2801 408 2837 Onchak
428 2801 564 2846 (Ball),
583 2800 822 2848 Pamphylia
839 2801 888 2836 ad
905 2801 1033 2846 Alaya
1051 2800 1243 2845 (Heldrl),
1260 2799 1375 2845 Syria
1392 2799 1433 2834 in
1448 2798 1684 2845 graminosis
1699 2798 1841 2846 Aleppi
1855 2799 1948 2835 etin

246 2853 377 2884 monte
399 2849 555 2895 SindJar
572 2848 749 2893 (Haussk
759 2850 794 2893 l).
812 2848 843 2884 F
846 2848 869 2883 l.
893 2859 992 2884 vere.

292 2910 427 2947 Flores
446 2915 522 2946 tres
539 2910 665 2946 lineas
680 2910 799 2957 longi,
816 2910 999 2956 legumen
1014 2909 1198 2957 p‹·llicare
1212 2909 1299 2945 basi
1309 2908 1456 2949 lineam
1470 2908 1588 2944 diam.
1606 2908 1733 2945 latum
1746 2912 1948 2946 maturum

245 2969 450 3004 nunquam
470 2958 700 2994 torulosum.
