2045 3227
123 200 298 240 Cerasus.
873 212 1072 238 ROSACEAE.
1751 205 1820 240 647

181 338 220 379 2.
254 336 310 380 C.
336 339 613 380 tortuosa
639 335 798 389 (Boiss.
827 339 870 378 et
897 337 1106 391 Haussk.)
1143 337 1375 380 fruticosa.
1407 337 1538 380 ramis
1575 337 1822 379 divaricatis

120 396 329 440 tortuosis
348 395 596 450 junioribus
632 399 678 438 ut
710 398 752 437 et
783 395 881 437 folia
909 396 1065 437 subtus
1094 396 1286 438 breviter
1312 396 1677 449 pubescentibus,
1710 396 1822 438 foliis

119 455 312 498 breviter
331 454 545 508 petiolatis
573 455 768 507 oblongis
796 454 863 495 vel
892 454 1092 508 ellipticis
1125 454 1292 497 obtusis
1323 458 1474 507 argute
1513 455 1714 506 serratis,
1749 467 1823 508 pe-

120 513 320 556 dunculis
344 514 530 562 calycem
548 513 837 567 aequantibus,
860 514 1016 565 calycis
1045 513 1207 556 laciniis
1230 514 1708 566 triangulari-oblongis
1727 514 1821 555 basi

121 573 237 614 intus
261 572 387 615 hirtis
414 571 517 614 tubo
539 572 831 625 glabriusculo
859 572 1147 623 brevioribus,
1176 572 1328 625 petalis
1352 572 1822 625 oblongo-spathulatis

118 631 208 673 basi
239 631 361 673 valde
387 632 619 673 attenuatis
643 631 782 673 roseis
812 631 914 673 tubo
941 632 1097 685 calycis
1125 631 1492 684 sublongioribus‚
1524 632 1664 684 drupa
1688 634 1822 684 parva

118 692 257 740 ovata,
282 690 504 743 putamine
531 689 781 732 laeviusculo
808 695 845 737 5.

161 763 263 799 Hab.
283 764 321 798 in
347 763 593 809 Cappadocia
620 763 669 798 ad
693 763 933 809 Euphratem
959 763 1096 806 (sAuch.
1118 774 1197 798 exs.
1223 763 1317 798 1486
1335 764 1532 810 specimen
1551 763 1821 809 imperfectum

118 811 334 855 incertum),
352 813 482 846 monte
496 810 703 855 Ssoffdagh
729 810 853 856 Syriae
873 810 953 845 bor.
973 810 1194 855 (Hausskl),
1219 811 1256 845 in
1283 811 1482 846 montibus
1509 811 1631 846 Gebel
1666 811 1820 846 Taktak

116 867 233 904 supra
252 856 356 896 Orsa,
393 857 516 893 Gebel
551 858 708 903 Sindjar
737 860 775 892 et
799 868 919 903 snpra
936 857 1089 892 Mardin
1119 858 1292 903 Assyriae
1311 858 1488 902 (Haussk
1503 860 1540 903 l),
1559 858 1599 893 in
1620 858 1822 893 montibus

114 905 314 940 Avroman
334 908 370 940 et
392 905 548 940 Sehabu
566 904 830 940 Kurdistaniae
846 904 1008 939 Persicae
1028 904 1251 949 (Hausskl).

162 970 193 1004 A
215 967 251 1004 C.
274 966 527 1016 mic-roearpd
562 969 737 1015 specifice
775 969 959 1003 distincta
992 968 1149 1003 videtur
1174 969 1294 1003 ramis
1322 969 1570 1004 brevioribus
1596 969 1821 1004 divaricatis

118 1015 311 1061 tortuosis,
331 1016 435 1051 foliis
454 1015 755 1062 pubescentibus
775 1015 934 1050 brevius
954 1015 1149 1061 petiolatis
1169 1016 1464 1061 angustioribus
1477 1016 1601 1051 limbo
1614 1016 1678 1051 3-23
1698 1016 1820 1051 lineas

115 1064 270 1099 tantum
289 1063 428 1109 longo3
455 1064 584 1099 frutex
603 1064 803 1099 intricatus
824 1062 1126 1109 quadripedalis.

174 1229 214 1270 3.
253 1227 307 1271 C.
336 1227 557 1271 diffusa
582 1227 728 1283 (Boiss
762 1231 804 1270 et
826 1227 1038 1283 Haussk.)
1067 1228 1273 1270 fruticosa
1296 1228 1472 1269 humilis
1491 1228 1661 1274 diffusa,
1687 1228 1818 1269 ramis

112 1288 345 1341 prostratis
364 1288 430 1328 vel
461 1288 662 1340 pendulis
681 1286 946 1339 divaricatis,
965 1288 1075 1329 foliis
1089 1288 1237 1341 parvis
1255 1287 1418 1340 glabris
1434 1286 1629 1329 breviter
1641 1287 1818 1340 petiola-

112 1347 169 1388 tis
182 1346 319 1388 ovatis
333 1346 500 1388 obtusis
523 1352 676 1399 argute
696 1347 890 1388 serratis
907 1347 1164 1400 pedunculis
1191 1347 1333 1399 calyce
1346 1345 1640 1395 brevioribus,
1656 1345 1814 1398 calycis

112 1404 280 1447 laciniis
308 1405 856 1458 oblongo-triangularibus
887 1406 1004 1447 intus
1031 1406 1204 1448 liirtulis
1231 1405 1335 1447 tubo
1370 1405 1500 1458 triplo
1525 1404 1815 1449 brevioribus,

111 1465 265 1518 petalis
292 1465 431 1507 roseis
457 1465 651 1506 obovatis
680 1465 836 1517 ealycis
877 1464 980 1507 tubo
1005 1464 1295 1516 brevioribus,
1313 1464 1454 1518 drupa
1480 1466 1615 1518 parva
1642 1465 1767 1505 ovata
1790 1472 1812 1511 5

110 1523 151 1567 C.
183 1523 421 1566 Orientale&
448 1523 586 1577 Spacb
611 1525 688 1566 loc.
720 1523 788 1566 cit.
813 1536 865 1565 ex
895 1527 1032 1577 parte.

155 1599 256 1634 Hab.
276 1599 315 1634 in
337 1599 578 1645 rupestribus
596 1599 780 1635 calcareis
794 1599 937 1634 Persiae
957 1599 1143 1634 australis
1162 1599 1202 1633 in
1221 1599 1330 1635 fauce
1348 1598 1535 1634 Pirezend
1555 1601 1592 1633 et
1609 1598 1657 1633 ad
1682 1597 1815 1633 Perse-

105 1646 378 1729 Rohqffluch.
398 1646 510 1682 44731
531 1646 606 1692 Ky.
627 1646 712 1682 232!
731 1646 893 1682 Haussk
906 1648 943 1691 l),
962 1647 1002 1681 in
1020 1646 1188 1682 collibus
1207 1657 1327 1693 prope
1346 1645 1493 1681 Dalaki
1511 1645 1600 1691 (Ky.
1620 1645 1736 1689 1675).
1757 1644 1814 1679 ΕΙ.

142 1704 201 1740 pr1
220 1704 244 1729 1.

150 1756 313 1792 Videtur
330 1769 350 1792 a
371 1757 523 1792 duabus
541 1757 853 1803 praecedentibus
882 1757 1057 1803 specifice
1092 1756 1277 1792 distincta
1306 1756 1426 1791 ramis
1447 1756 1600 1791 diffusis
1618 1756 1808 1802 patentim

102 1805 440 1846 ramulosissimis.
468 1805 629 1840 floribus
648 1805 879 1844 minoribus,
899 1804 1055 1840 corollae
1074 1814 1163 1839 eum
1177 1804 1315 1849 calyce
1329 1804 1591 1850 proportione.
1614 1803 1810 1839 Suffrutex

101 1851 167 1888 3-4
186 1852 348 1899 pedalis,
368 1852 463 1887 folia
479 1852 547 1887 3-4
560 1851 628 1887 lin.
648 1852 776 1897 longa.

162 2025 204 2066 4.
241 2024 294 2068 C.
319 2023 535 2066 incana
557 2023 685 2079 (Pau,
718 2024 776 2066 Fl.
807 2024 935 2067 Ross.
969 2026 1008 2077 I,
1036 2039 1074 2079 p.
1104 2027 1170 2068 13.
1196 2023 1278 2066 tab.
1301 2025 1323 2065 7
1343 2022 1702 2078 subAmgsydalol
1723 2023 1813 2065 fru-

103 2084 237 2126 ticosa
263 2083 426 2138 pumila
450 2084 582 2126 ramis
610 2084 782 2133 erectis,
809 2083 919 2127 foliis
944 2085 1139 2138 oblongis
1169 2085 1237 2125 vel
1262 2082 1716 2135 oblongo-lanceolatis
1742 2094 1812 2123 ar·

99 2146 202 2197 gnte
229 2143 411 2185 serratis
434 2142 479 2183 in
504 2144 711 2195 petiolum
734 2143 1045 2186 brevissimum
1063 2139 1298 2185 attenuatis
1323 2142 1490 2184 interne
1517 2144 1559 2182 et
1587 2141 1809 2183 interdum

103 2214 296 2256 superne
322 2202 800 2249 incurvo-tomentosis,
847 2203 1028 2245 floribus
1071 2202 1399 2246 subsessilibus,
1449 2200 1604 2253 calycis
1645 2199 1808 2241 laciniis

102 2261 294 2314 oblongis
322 2260 491 2303 obtusis
528 2261 711 2314 integris
744 2261 861 2303 intus
894 2262 1060 2304 villosis
1088 2261 1192 2304 tubo
1225 2261 1372 2314 glabro
1401 2260 1567 2312 2-3-plo
1595 2258 1808 2300 breviori-

97 2320 194 2373 bus,
221 2319 360 2373 drupa
381 2320 786 2373 ovato-subglobosa
820 2321 988 2374 glabra.
1013 2320 1236 2374 putamine
1269 2319 1522 2361 laeviusculo
1556 2322 1593 2368 5.
1622 2318 1805 2359 Prunas

103 2377 262 2420 incana
284 2379 402 2421 Stev.
430 2402 484 2409 —
507 2379 565 2421 Ic.
593 2379 656 2420 FJ.
683 2378 818 2421 Graec.
843 2380 927 2421 tab.
962 2381 1060 2421 477.

145 2452 244 2487 Hah.
263 2454 303 2487 in
318 2452 485 2488 collibus
503 2452 705 2498 lapidosis,
732 2452 832 2487 inter
860 2453 1071 2498 Smyrnam
1091 2454 1128 2487 et
1146 2452 1334 2487 Brussam
1359 2451 1489 2496 (Sibth
1502 2452 1539 2495 2),
1558 2448 1807 2496 Cappadocia

99 2499 148 2534 ad
166 2500 295 2534 Tokat
312 2500 450 2543 (Auch.
470 2500 560 2534 4474
576 2502 600 2543 ἔ)
629 2500 731 2535 etad
757 2499 979 2535 Caesaream
1010 2500 1147 2543 (Ball),
1177 2499 1361 2534 Armenia
1386 2498 1545 2534 Rossica
1575 2500 1610 2533 et
1635 2497 1805 2542 Georgia

97 2546 307 2582 Caucasica
328 2547 454 2592 (MR,
474 2547 617 2582 Hohen
638 2557 718 2582 exs.
738 2547 813 2582 sub
831 2547 898 2582 Pr.
914 2545 1153 2594 ρνοεῐνίιιιῖΙ,
1175 2545 1423 2593 Ruprecht.1)

153 2611 197 2664 β.
225 2610 521 2664 cmfflcsttjfole’a
544 2611 683 2665 Spach
708 2637 761 2641 —
789 2613 906 2654 Folia
929 2612 1354 2654 lineari-lanceolata.

142 2685 242 2721 Hab.
260 2687 298 2721 in
318 2686 566 2733 Cappadoci-[t
591 2686 640 2721 ad
659 2686 900 2733 Euphratem
918 2686 1057 2731 (Auch.
1078 2697 1157 2721 exs.
1176 2685 1270 2721 1489
1283 2686 1320 2730 Οἵ

152 2770 193 2810 y.
224 2750 383 2792 viridis
407 2751 547 2804 Spacb
568 2775 627 2782 —
654 2751 770 2795 Folia
799 2752 1005 2805 utrinque
1029 2751 1192 2804 glabra.

140 2823 241 2858 Hab.
261 2825 298 2858 in
318 2825 505 2859 Armenia
520 2825 567 2859 ad
593 2824 793 2859 Kassuklu
813 2825 937 2864 (Huet
953 2826 990 2869 l),
1009 2824 1179 2869 Georgia
1197 2823 1406 2867 (Hohenl).

96 2870 292 2952 d*Species
308 2871 410 2906 foliis
428 2872 645 2918 majoribus
664 2873 800 2908 formae
819 2873 996 2916 (liversae,
1015 2872 1135 2906 ramis
1155 2871 1289 2906 erectis
1314 2881 1336 2906 a
1362 2870 1540 2916 sequenti
1567 2872 1610 2905 ut
1640 2869 1798 2905 videtur

124 2927 260 2953 1versa.

138 2980 200 3015 Ar.
226 2981 357 3027 Geoqr.
384 2981 584 3028 Songaria.
