2015 3227
167 227 327 266 Sedum.
868 239 1169 266 cmssumcmz.
1798 233 1869 269 777

168 318 399 361 minalibus
416 318 636 372 confertis,
655 318 838 362 floribus
851 319 1284 373 viridi-ochroleucis‚
1302 322 1456 376 petalis
1476 322 1724 375 patentibus
1738 322 1869 365 rectis

166 377 288 432 apice
314 377 778 432 cucullato-impressis
801 379 1019 422 corniculo
1040 391 1289 434 compresso
1312 381 1480 423 minuto
1503 381 1760 434 terminatis
1783 384 1872 425 sta·

167 435 358 479 minibus
390 435 675 479 interioribus
708 436 807 479 imae
839 437 933 479 basi
961 438 1131 481 corollae
1164 438 1345 482 insertis
1377 448 1434 491 26.
1480 439 1520 482 S.
1548 439 1798 492 Telephium
1821 439 1867 482 L.

168 507 262 537 var.
295 494 320 538 ὃ
342 497 385 537 et
404 513 435 537 ε.
466 516 520 525 --
543 493 583 537 S.
614 494 857 547 latifolt’um
882 495 1042 538 Bertol.
1071 496 1238 539 Amaen.
1272 497 1321 541 It.
1350 499 1448 541 366.
1478 498 1534 541 Ic.
1567 498 1717 541 Sturm
1743 501 1813 541 83.

216 568 316 604 Hab.
333 568 372 604 in
386 570 596 612 montanis,
615 568 811 604 Caucasus
830 568 1019 614 (Ledeb.),
1031 569 1158 606 Iberia
1172 570 1382 607 Caucasica
1396 582 1517 619 prope
1531 572 1643 608 Tissis
1658 571 1817 617 (Hohen
1831 574 1868 618 l),

168 614 442 662 Daghestania
461 615 512 651 ad
532 616 666 652 Gunib
683 615 788 652 4800’
809 615 973 663 (Ruprl)
990 619 1029 652 et
1043 617 1152 665 prob.
1171 617 1276 654 alibi.

216 680 280 716 Ar.
302 680 432 726 Geoqr.
462 680 620 727 Europa
645 680 775 716 omnis
798 691 821 715 a
838 679 974 726 Belgio
998 683 1034 716 et
1051 680 1314 717 Scandinavia
1331 681 1381 718 ad
1400 681 1574 718 Galliam
1592 682 1775 727 mediam,
1794 682 1872 718 Ita·

168 725 265 763 liam
283 726 493 773 borealem,
511 727 854 773 Transylvaniam‚
870 727 1053 764 Rossiam
1069 728 1252 764 mediam.

232 877 273 918 2.
320 875 374 919 S.
419 871 765 929 Telephium
808 874 873 928 (L.
910 874 984 928 Sp.
1014 877 1099 918 618
1127 875 1234 918 excl.
1266 876 1383 931 var.)
1428 876 1541 918 foliis
1577 876 1775 930 oblongis
1802 877 1868 918 vel

169 933 623 989 oblongo-lanceolatis
657 933 930 987 inaequaliter
964 935 1145 977 serratis
1170 936 1380 988 oppositis
1407 936 1475 977 vel
1503 935 1671 989 sparsis
1698 935 1873 978 iuferio-

170 994 294 1037 ribus
329 992 523 1036 breviter
555 991 771 1045 petiolatis
807 993 1110 1046 superioribus
1145 993 1239 1035 basi
1272 993 1506 1036 rotundata
1537 993 1780 1039 sessilibus.
1805 1006 1869 1037 co-

171 1052 337 1108 rymbis
367 1048 667 1094 terminalibus
699 1051 927 1104 confertis,
950 1050 1134 1095 floribus
1159 1052 1314 1095 albidis
1336 1054 1404 1095 vel
1432 1053 1873 1106 purpurascentibus‚

169 1111 325 1166 petalis
353 1122 487 1165 supra
508 1108 700 1152 medium
716 1110 1175 1165 recurvo-patentibus
1194 1112 1313 1165 apice
1332 1112 1472 1165 planis
1492 1111 1872 1154 subcanaliculatis

169 1171 364 1214 obsolete
397 1166 700 1221 corniculatis,
725 1166 983 1212 staminibus
1005 1167 1291 1213 interioribus
1318 1168 1371 1212 ad
1399 1170 1596 1225 quintam
1617 1174 1784 1225 partem
1811 1171 1875 1213 in-

170 1228 371 1272 feriorem
395 1227 566 1271 corollae
587 1225 766 1270 insertis
800 1234 857 1279 26.
895 1226 948 1271 Ic.
972 1227 1105 1271 Rchb.
1140 1229 1209 1283 fig.
1234 1230 1336 1272 968.
1368 1254 1422 1260 -
1460 1228 1502 1272 S.
1534 1241 1873 1283 purpurascens

171 1288 289 1332 Koch
317 1286 419 1342 Syn.
445 1299 485 1341 p.
512 1287 609 1329 284.
635 1308 688 1316 --
717 1285 756 1329 S.
784 1286 966 1340 vulgare
992 1287 1103 1330 Link
1128 1287 1285 1331 Enum.
1316 1286 1347 1340 I,
1376 1290 1475 1331 437.
1502 1313 1554 1318 —-
1593 1287 1632 1330 S.
1669 1288 1874 1331 Thirkea-

174 1359 281 1390 num
304 1346 347 1389 C.
376 1345 494 1389 Koch
521 1344 642 1388 Linn.
672 1344 789 1398 XIX,
815 1357 858 1400 p.
885 1346 960 1388 41!

221 1416 318 1456 Hab.
336 1418 377 1455 in
397 1427 491 1462 agro
510 1416 729 1465 Byzantino
747 1418 822 1465 (ex.
842 1417 921 1455 Sm.
944 1416 1115 1466 Prodr.),
1143 1419 1331 1468 Bithynia
1348 1420 1512 1467 (Thirke
1523 1421 1567 1466 1),
1594 1431 1703 1468 prov.
1730 1422 1874 1457 Cauca-

172 1464 261 1503 sicis
279 1466 345 1513 (ex
363 1465 534 1511 Ledeb.).

173 1532 430 1615 Sff'sseoqr‘
458 1530 619 1578 Europa
640 1531 770 1566 media
789 1531 838 1567 ab
860 1531 1005 1577 Anglia
1023 1534 1060 1567 et
1082 1531 1211 1567 Dania
1236 1531 1287 1568 ad
1303 1532 1486 1568 Rossiam
1514 1532 1875 1579 septentrionalem,

205 1590 215 1614 1
249 1589 331 1615 ma.

239 1730 276 1771 3.
300 1727 355 1772 S.
387 1726 656 1783 algidum
690 1728 871 1783 (Ledeb.
900 1729 961 1772 Fl.
989 1730 1074 1772 Alt.
1106 1730 1159 1783 ΙΙ,
1186 1743 1230 1784 p.
1261 1730 1363 1785 194)
1392 1730 1506 1772 foliis
1539 1729 1779 1772 linearibus
1811 1730 1878 1771 in-

178 1788 420 1841 tegerrimis
460 1787 771 1831 obtusiusculis
811 1788 951 1842 planis
989 1789 1173 1841 glabris,
1215 1789 1420 1842 corymbo
1453 1788 1661 1843 simplici,
1691 1788 1876 1831 floribus

174 1845 540 1900 hermaphroditis
577 1847 843 1900 pentameris
876 1848 1021 1890 rarius
1049 1848 1296 1890 tetrameris
1320 1848 1579 1902 pedicellum
1603 1847 1877 1901 aequantibus

177 1905 348 1948 demum
383 1917 433 1947 eo
471 1905 762 1958 brevioribus,
796 1907 990 1961 squamis
1025 1907 1268 1960 hypogynis
1297 1907 1493 1960 ipsarum
1523 1906 1791 1960 longitudine
1818 1905 1878 1948 la-

177 1964 372 2014 tioribus,
400 1963 662 2007 staminibus
690 1964 845 2019 petalis
871 1965 1233 2009 subbrevioribus
1257 1965 1436 2008 alternis
1461 1965 1515 2008 ad
1542 1965 1682 2020 petala
1699 1965 1786 2007 alte
1804 1963 1878 2007 ad—

178 2023 479 2075 natis,ovariis
492 2024 782 2067 rectiusculis.
807 2025 1006 2078 stigmate
1025 2024 1301 2078 punctiformi
1330 2030 1388 2073 Ψ.
1414 2025 1468 2067 Ic.
1490 2024 1650 2067 Ledeb.
1671 2023 1730 2066 Fl.
1749 2023 1876 2066 Ross.

177 2081 266 2124 tab.
294 2079 390 2124 418.
423 2105 475 2112 ——
504 2082 723 2124 Rhodiola
749 2083 897 2136 algida
922 2083 967 2124 F.
992 2087 1035 2126 et
1061 2084 1171 2134 Mey.

241 2158 287 2213 β.
325 2157 602 2210 lonyifolium
637 2154 737 2212 Bge.
774 2160 832 2213 pl.
864 2159 1011 2201 Lehm.
1053 2172 1093 2214 p.
1124 2160 1221 2202 297.
1248 2185 1301 2189 —
1346 2159 1537 2212 Elatius,
1574 2160 1672 2202 folia
1698 2159 1773 2214 (15
1802 2159 1876 2201 lin.

180 2216 587 2319 {iznlgtaeiigmlatitudine
626 2221 705 2261 sua
745 2218 927 2274 decuplo
954 2219 1163 2273 longiora,
1197 2220 1343 2273 sepala
1369 2219 1575 2272 longiora,
1610 2218 1876 2272 angustiora.

233 2349 384 2385 Hab.in
401 2350 560 2396 regione
578 2350 714 2397 alpina
731 2353 875 2387 montis
902 2351 1075 2387 Karatau
1092 2351 1365 2388 Turkestaniae
1383 2352 1487 2388 unde
1505 2352 1551 2387 cl.
1571 2352 1775 2387 Lehmann
1795 2351 1882 2386 uni-

181 2406 273 2432 cum
291 2397 478 2443 sp3cimen
496 2397 737 2434 fructiferum
756 2399 888 2434 retulit
910 2399 1015 2443 (Non
1035 2399 1144 2444 vidi).

231 2459 292 2494 Ar.
320 2458 442 2505 ceoqr.
469 2460 611 2496 Sibiria
631 2461 882 2497 occidentalis
901 2464 938 2497 et
957 2461 1117 2498 Altaica.

807 2629 928 2673 Sam.
954 2628 1006 2672 ΙΙ.
1035 2630 1252 2674 Eusanmu.

486 2735 506 2754 ¹'
554 2736 665 2772 Folia
683 2736 812 2783 plana.
830 2735 1119 2773 Intlorescentia
1138 2736 1574 2783 cymoso-corymbosa.

246 2819 285 2860 4.
318 2818 357 2862 S.
381 2817 794 2863 obtusifolium
817 2818 937 2875 (CA.
967 2818 1075 2872 Mey.
1101 2819 1254 2861 Enum.
1283 2833 1325 2873 p.
1355 2819 1455 2874 150)
1477 2819 1690 2872 glabrum.
1719 2817 1880 2865 viride,

184 2878 371 2920 caulibis
393 2889 416 2919 e
442 2878 677 2920 rhizomatc
712 2878 914 2920 indurato
942 2878 1099 2921 erectis
1124 2878 1430 2921 crassiusculis
1459 2878 1634 2932 pumilis
1658 2889 1798 2930 usque
1823 2876 1877 2918 ad

186 2947 343 2989 cyman
368 2937 500 2979 dense
528 2937 704 2988 foliosis,
730 2937 842 2979 foliis
871 2937 1097 2980 sessilibus
1131 2937 1391 2980 reticulatim
1425 2936 1722 2979 rubro-veniis
1757 2935 1883 2977 obtu-

189 2992 364 3038 sissinis
403 2996 595 3049 margine
621 2997 812 3039 obsolete
839 2995 921 3039 sub
948 2997 1060 3039 lente
1094 2997 1331 3039 crenulatis
1357 2996 1411 3038 ab
1434 2996 1595 3038 infimis
1623 2994 1777 3049 amplis
1805 2993 1878 3036 ob-
