1994 3211
109 213 206 252 1030
806 220 1112 248 UMBELLIFERAE.
1563 208 1810 257 Tordylium.

113 348 236 392 Secr.
267 348 286 390 I
308 348 659 398 HASSELQUISTJA.
684 371 740 379 —
764 347 1083 402 Hasselquistia
1101 345 1146 387 L.
1167 344 1273 389 Gen.
1296 368 1348 377 -
1368 345 1557 388 Fructus
1574 344 1809 388 interiores

409 406 650 450 umbelluloe
677 405 841 459 saepius
872 404 1094 448 urceolati.
1136 403 1254 447 Vittoe
1288 403 1485 446 dorsales
1510 403 1559 445 in
1583 403 1807 446 valleculis

404 465 626 567 {otlitaZ-iae,
654 464 1006 507 commissurales
1038 463 1161 506 binae.
1193 462 1345 506 Patala
1368 461 1595 504 radiantia
1615 462 1810 516 inaequa-

428 524 511 567 ier
563 523 754 578 &partita

174 644 211 685 ’1.
244 642 297 684 T.
324 642 594 685 lanatum
621 639 782 696 (Boiss.
813 639 924 682 Ann.
965 638 1030 682 Sc.
1065 638 1150 681 Nat
1178 639 1303 690 1844,
1328 652 1370 693 p.
1402 639 1485 680 347
1521 638 1604 680 sub
1635 638 1811 681 Hassel-

112 700 298 757 quistia]
315 702 437 744 caule
459 699 750 743 crassiusculo
769 699 965 742 flexuoso
990 701 1038 741 ut
1060 700 1104 740 et
1125 698 1235 740 rami
1254 697 1513 740 densissime
1535 696 1811 751 albo-lanato,

113 762 225 805 foliis
251 760 460 815 adpresse
493 759 609 801 canis
644 758 990 813 bipinnatisectis
1025 756 1259 810 segmentis
1287 756 1630 809 ovato-oblongis
1656 756 1812 799 obtuse

113 821 269 864 Iobatis
294 823 337 862 et
372 817 660 873 denticulatis,
695 815 1353 862 involucellis*lineari-setaceis
1378 814 1665 865 brevissimis,
1693 815 1812 857 flori-

114 880 195 922 bus
240 878 348 920 albis
394 877 684 929 radiantibus,
721 877 889 919 fructus
926 874 1296 918 ovato-orbiculati
1338 874 1579 916 tuberculis
1620 873 1810 916 minimis

113 937 300 993 aliisque
326 936 613 979 crassioribus
638 935 901 978 intermixtis
926 933 1124 988 pruinosi
1144 933 1339 986 margine
1357 933 1512 975 semini
1528 931 1814 986 subaequilato

113 1000 238 1052 parte
263 995 460 1039 interiori
480 994 691 1049 pellucidii
720 995 989 1047 externaque
1013 991 1208 1034 obsolete
1230 991 1573 1045 bullato-rugosa
1596 990 1817 1045 subaequi-

114 1056 226 1106 latis,
250 1055 369 1097 vittis
391 1053 611 1107 tenuibus,
637 1051 1040 1096 commissuralibus
1066 1049 1377 1104 approximatis
1397 1050 1618 1104 parallelis
1651 1054 1715 1100 Θ.

162 1129 263 1165 Hah.
281 1129 322 1164 in
338 1128 528 1175 lapidosis
547 1127 673 1163 Cariae
687 1127 777 1172 (Pin
791 1128 830 1172 !)‚
848 1126 1005 1162 Pisidiae
1026 1125 1075 1161 ad
1092 1124 1340 1160 Tcheltikchi
1357 1125 1459 1160 inter
1477 1124 1621 1160 Adalia
1642 1126 1680 1160 et
1697 1123 1816 1160 Boul-

115 1177 214 1213 dour
230 1175 416 1221 (Heldrl),
435 1175 563 1220 Lyciae
585 1175 685 1210 circa
702 1174 859 1210 Elmalu
877 1174 1002 1219 (Pestl
1021 1173 1176 1218 Bourgl
1200 1182 1279 1207 exs.
1298 1171 1413 1216 1201).
1431 1171 1490 1207 Fi.
1509 1171 1600 1207 Mai.

162 1239 302 1275 Planta
338 1238 579 1285 1-2-pedaiis,
612 1238 730 1273 flores
757 1237 812 1273 eis
852 1236 894 1272 T.
927 1235 1165 1283 AEqyptiacz'
1188 1235 1320 1270 minus
1347 1234 1558 1278 radiantes,
1588 1234 1818 1281 mericarpia

116 1287 291 1334 ersdem
309 1286 615 1332 magnitudinis;
633 1285 685 1320 ab
703 1295 749 1320 eo
769 1284 922 1330 egregie
949 1283 1176 1319 distinctum
1206 1282 1448 1326 indumento,
1475 1282 1580 1318 foliis
1607 1282 1823 1329 bipinnati-

118 1334 244 1379 sectis,
262 1333 500 1370 involucello
518 1332 640 1376 brevi,
661 1333 729 1368 etc.
748 1332 913 1367 Fructus
933 1330 1124 1367 cent-rales
1139 1340 1242 1377 saepe
1258 1328 1457 1365 urceolati.

178 1494 217 1534 2.
249 1492 303 1535 T.
331 1491 749 1548 AEqyptiacum
785 1489 851 1544 (L.
895 1488 1060 1531 Amaen.
1099 1486 1171 1539 IV,
1208 1499 1248 1541 p.
1284 1487 1368 1529 270
1391 1485 1473 1528 sub
1498 1485 1823 1539 Hasselquistia'

121 1552 226 1595 excl.
267 1552 384 1606 syn.)
423 1551 543 1593 caule
581 1549 919 1592 sulcato-striato
957 1560 979 1589 a
1012 1545 1107 1589 basi
1139 1546 1379 1588 dichotome
1404 1556 1576 1587 ramoso
1601 1545 1823 1599 ramisque

120 1610 473 1654 sulcato-striatis
522 1610 667 1664 patule
713 1608 910 1658 hirsutis,
961 1606 1073 1648 foliis
1120 1605 1331 1659 adpresse
1380 1603 1607 1658 puberulis
1659 1603 1824 1647 ambitu

120 1669 315 1722 oblongis
334 1667 633 1723 pinnatisectis
657 1666 893 1720 segmentis
911 1665 1050 1708 ovatis
1069 1664 1113 1706 in
1131 1663 1308 1706 lacinias
1334 1662 1492 1708 breves
1519 1661 1697 1705 obtusas
1725 1662 1826 1705 fidis

120 1729 191 1771 vel
211 1728 397 1782 partitis,
420 1727 584 1769 laciniis
609 1727 811 1769 foliorum
833 1735 1148 1779 supremorum
1166 1721 1362 1776 angustis
1384 1721 1536 1774 acutis,
1554 1721 1828 1764 involucelliS

121 1787 304 1830 setaceis
328 1786 560 1829 umbellula
588 1784 963 1836 subbrevioribus,
998 1782 1182 1825 floribus
1230 1781 1339 1823 albis
1378 1780 1503 1823 valde
1538 1778 1826 1831 radiantibus,

121 1846 291 1888 fructus
329 1845 555 1889 orbiculati
589 1845 727 1898 glabri
766 1843 836 1885 vel
877 1842 931 1884 ad
973 1842 1138 1884 discum
1175 1838 1665 1893 tuberculato-punctati
1702 1850 1826 1892 spar-

123 1905 294 1958 simque
318 1903 517 1959 papillosi
540 1903 733 1957 margine
761 1901 916 1944 semini
942 1900 1228 1954 subaequilato
1253 1902 1378 1952 parte
1394 1898 1595 1940 interiori
1611 1897 1827 1951 pellucida

121 1966 302 2006 externa
334 1964 525 2006 obsolete
556 1963 722 2005 bullata
757 1960 914 2011 latiori,
944 1960 1065 2002 vittis
1100 1957 1384 2010 tenuissimis,
1422 1956 1826 1999 commissuralibus

122 2023 433 2076 approximatis
458 2022 675 2075 parallelis
702 2025 749 2071 Θ
779 2019 832 2062 Ic.
856 2019 973 2073 Jacq.
996 2018 1046 2060 H.
1074 2016 1258 2059 Vindob.
1296 2016 1380 2058 tab.
1404 2017 1471 2058 87.
1499 2039 1553 2045 --
1588 2015 1630 2057 T.
1659 2015 1828 2068 AEyyp-

122 2080 286 2123 tiacum
308 2081 423 2123 Lam.
449 2081 514 2122 Ill.
542 2080 732 2132 tab.193,
759 2079 829 2132 fig.
854 2079 896 2120 2.

171 2153 269 2189 Hah.
291 2153 392 2189 inter
409 2156 558 2199 segetes
577 2152 696 2199 Cypri
714 2151 839 2197 (Kyl),
866 2152 907 2186 in
935 2150 1088 2186 deserto
1113 2146 1412 2194 Mesopotamiae
1441 2146 1492 2182 ad
1515 2145 1619 2191 Orsa,
1636 2145 1832 2191 Kharran,

124 2200 279 2238 Mardin
294 2200 471 2243 (Haussk
484 2202 519 2245 !)‚
538 2199 652 2245 Syria
670 2199 719 2235 ad
736 2199 888 2245 Aleppo
906 2197 994 2243 (Ky.
1014 2207 1097 2232 exs.
1116 2196 1234 2240 2501),
1252 2194 1404 2230 Libano
1422 2194 1472 2229 ad
1489 2193 1617 2229 Abeih
1632 2193 1777 2237 (Postl)
1793 2195 1831 2228 et

125 2247 354 2284 Antilibano
378 2247 428 2283 ad
455 2247 607 2282 Bludan
632 2246 725 2292 (ΚΥ.
757 2256 837 2281 eXS.
857 2244 953 2290 861),
986 2243 1183 2279 Palestina
1206 2251 1325 2289 prope
1343 2242 1451 2277 Gaza
1469 2242 1506 2275 et
1522 2240 1563 2275 in
1580 2242 1714 2276 monte
1736 2239 1830 2275 Car-

127 2295 229 2331 melo
246 2295 422 2339 (Boiss!).
440 2295 500 2329 Ex
516 2294 686 2340 AEgypto
705 2293 773 2328 ubi
794 2303 818 2328 a
835 2292 997 2328 Linnaeo
1014 2290 1208 2326 indicatur
1224 2299 1304 2324 non
1321 2287 1414 2326 vidi.
1432 2287 1490 2323 Fl.
1514 2297 1615 2329 vere.

173 2358 404 2412 Meficarpia
421 2368 566 2403 magna
582 2367 686 2403 saepe
705 2357 729 2392 4
747 2356 788 2401 ¹l²
805 2356 930 2391 lineas
947 2355 1076 2400 longa,
1095 2353 1242 2388 fructus
1273 2349 1463 2388 centrales
1491 2348 1677 2385 urceolati
1695 2358 1832 2384 nume-

129 2415 334 2442 roslssmu.

190 2572 231 2613 3.
266 2569 320 2612 T.
354 2568 663 2623 Syriacum
686 2568 753 2623 (L.
781 2566 853 2621 Sp.
882 2566 987 2618 345)
1012 2564 1269 2620 pubescens,
1293 2562 1415 2605 caule
1441 2560 1594 2604 humili
1614 2571 1742 2614 parce
1765 2572 1835 2602 ra-

129 2641 265 2681 moso,
289 2628 400 2671 foliis
424 2628 586 2670 infimis
613 2625 886 2681 simplicibus
911 2624 1078 2667 caeteris
1102 2621 1400 2678 pinnatisectis
1436 2619 1670 2673 segmentis
1693 2619 1832 2661 ovatis

129 2687 349 2742 repandis,
379 2687 578 2729 umbellae
603 2686 737 2728 radiis
761 2684 970 2727 brevibus
994 2682 1170 2726 tandem
1207 2679 1460 2723 incrassatis
1497 2677 1742 2731 contractis,
1769 2678 1836 2719 in-

130 2746 359 2789 vulucellis
381 2743 899 2798 lanceolato-spathulatis
929 2741 1208 2785 umbellulam
1237 2739 1372 2782 multo
1400 2736 1728 2791 superantibus,
1756 2736 1837 2778 flo-

131 2806 257 2848 ribus
280 2805 427 2858 parvis
450 2804 559 2846 albis
586 2815 740 2857 parum
766 2801 1053 2854 radiantibus,
1079 2800 1246 2842 fructus
1269 2797 1413 2850 magni
1445 2795 1671 2838 orbiculati
1696 2794 1834 2848 papil-

132 2864 347 2906 loso-hirti
373 2863 571 2916 margine
599 2862 753 2904 semini
780 2859 1066 2914 subaequilato
1098 2862 1222 2912 parte
1252 2854 1454 2899 interiori
1476 2853 1690 2909 pellucida
1715 2856 1834 2895 exte-

133 2923 328 2975 riorique
369 2921 713 2974 bullato-rugosa
754 2918 1066 2973 subaequilatis,
1111 2916 1232 2959 vittis
1269 2913 1563 2958 exterioribus
1605 2911 1833 2954 latioribus

133 2981 339 3034 arcuatis,
364 2979 767 3024 commIssuralihus
789 2975 1099 3033 approximatis
1121 2974 1339 3030 parallelis
1367 2976 1432 3024 Θ.
1459 2972 1515 3015 Ic.
1543 2971 1686 3014 Rivin.
1713 2972 1832 3025 pent.
