2025 3236
145 231 193 267 10
845 236 1140 264 CELAs'rmNnAE.
1605 227 1846 276 Euonymus.

146 312 336 366 capsulis
356 310 626 364 quadrilobis
652 309 1101 362 §inhalatu-angulatis,
1128 308 1251 351 arillo
1277 308 1502 352 dimidium
1529 321 1679 352 semen
1706 308 1848 352 invol-

147 375 275 413 vente
295 376 333 421 5.
363 369 578 412 Cneorum
597 368 814 410 tricoccon
834 366 1062 411 Guldenst.
1090 367 1140 409 It.
1162 367 1195 418 l,
1222 380 1263 422 p.
1286 368 1393 421 422,
1418 381 1506 411 non
1530 368 1575 410 L.

191 444 291 480 Hab.
310 444 350 478 in
371 443 526 479 saxosis
555 441 716 478 ditionis
746 440 931 476 Kabarda
948 440 1110 476 Caucasi
1127 442 1224 487 sept.
1245 441 1345 477 circa
1366 441 1539 478 thermas
1566 442 1846 478 Constantino—

146 493 355 527 montanas
373 490 522 535 (Stev.),
540 490 581 525 in
599 488 790 524 Kachetia
811 490 878 533 (ex
895 487 1121 533 Guldenst.)
1137 487 1182 522 V.
1200 487 1293 523 cult.

191 553 336 588 Frutex
357 552 519 587 humilis
544 549 803 595 dodrantariis,
821 550 918 586 folia
934 550 1118 597 pollicem
1136 550 1201 586 vel
1215 550 1333 597 paulo
1351 551 1522 598 amplius
1539 551 1661 597 longa
1687 551 1752 586 1-2
1775 550 1847 586 lin.

142 600 230 642 lata,
248 600 363 635 flores
380 599 491 646 parvi
504 599 619 645 longe
637 596 858 645 petiolulati
880 598 1358 645 viridi-purpurascentes,
1389 599 1553 645 capsula
1569 600 1615 634 ea
1641 598 1686 633 Ε.
1715 597 1846 634 Euro—

139 647 222 695 poei
235 646 356 694 paulo
374 647 513 682 minor.

204 805 242 845 6.
269 802 329 844 E.
354 800 646 844 latifolius
667 798 812 854 (Scop.
837 799 963 842 Carn.
988 799 1021 842 I.
1045 813 1086 855 p.
1114 799 1216 855 165)
1242 800 1375 843 ramis
1401 800 1615 844 teretibus
1647 800 1850 844 subcom-

144 861 312 916 pressis
334 860 517 903 laevibus
550 859 737 913 glabris,
773 858 889 901 foliis
929 859 1338 913 oblongo-ellipticis
1378 859 1471 902 basi.
1505 859 1752 902 rotundatis
1778 860 1849 901 vel

145 920 426 963 subcuneatis
453 918 710 961 acuminatis
737 917 968 960 serrulatis
1000 918 1176 971 glabris,
1200 917 1336 971 cymis
1368 918 1622 960 axillaribus
1647 918 1771 972 longe
1805 921 1847 961 et

146 980 337 1022 tenuiter
369 977 688 1032 pedunculatis,
722 977 877 1031 petalis
900 976 1201 1029 subrotundis‚
1229 977 1347 1019 diseo
1371 977 1564 1030 margine
1592 977 1723 1030 nudo,
1749 988 1850 1031 cap·

146 1039 254 1081 sulis
278 1037 488 1080 4-5-lobis
519 1035 870 1090 angulato-alatis
889 1069 899 1088 ‚
936 1035 1060 1078 arillo
1090 1037 1228 1078 totum
1256 1047 1405 1078 semen
1442 1036 1692 1078 involvente
1718 1040 1758 1086 5.
1791 1034 1845 1078 Ic.

143 1097 262 1151 Jacq.
286 1096 436 1139 Austr.
465 1095 550 1138 tab.
581 1096 679 1137 289.
702 1118 757 1126 --
781 1093 831 1136 Ε.
867 1093 1114 1147 leiopldoeos
1141 1094 1256 1137 Stev.
1290 1094 1414 1137 Verz.
1444 1095 1574 1137 Taur.
1602 1108 1640 1149 p.
1668 1096 1750 1136 102
1772 1094 1848 1150 (ex

145 1156 367 1210 descript„
396 1155 533 1197 forma
558 1154 669 1196 foliis
694 1153 973 1208 minoribus).

194 1229 294 1264 Hah.
332 1229 371 1264 in
391 1228 516 1274 sylvis
540 1227 740 1263 montanis
761 1226 908 1263 montis
940 1225 1086 1262 Olenos
1102 1226 1363 1275 Peloponnesi
1389 1227 1574 1272 (Heldrl)‚
1599 1227 1785 1264 Parnassi
1811 1230 1852 1264 et

144 1276 306 1322 Olympi
323 1275 506 1311 Thessali
524 1274 650 1322 (Orph
664 1276 703 1319 !)‚
720 1274 960 1310 Macedoniae
979 1274 1017 1309 in
1048 1274 1203 1310 Athone
1221 1275 1422 1320 (Griseb.)‚
1440 1275 1619 1310 Thraciae
1636 1276 1677 1310 in
1704 1274 1849 1311 Haemo

144 1324 293 1368 (Friv.),
320 1323 481 1369 Olympi
499 1322 664 1367 Bithyni
693 1321 872 1366 (Sihth.)‚
901 1321 1098 1357 Anatoliae
1130 1321 1299 1357 borealis
1317 1322 1553 1367 (Wiedeml),
1582 1322 1790 1368 Lycaoniae
1806 1322 1847 1358 in

146 1373 278 1406 monte
292 1370 466 1407 Auernas
478 1368 664 1414 (Heldrl),
679 1368 826 1404 Ciliciae
838 1368 1035 1404 orientalis
1050 1369 1090 1404 in
1105 1369 1252 1405 ditione
1269 1369 1421 1405 Kassan
1437 1369 1540 1415 Oglu
1554 1369 1675 1415 (Kyl),
1691 1369 1852 1405 Tauriae

145 1420 184 1454 et
200 1428 311 1464 prov.
331 1417 397 1452 Cis
415 1419 453 1453 et
477 1417 894 1452 Transcaucasicarum
922 1415 1093 1461 (Hohen.
1119 1416 1288 1461 Ledeb.)‚
1314 1417 1516 1452 montibus
1542 1417 1684 1452 Persiae
1702 1416 1785 1452 bor.
1806 1416 1850 1452 in

146 1464 435 1512 prov.Ghilano
453 1469 492 1500 et
515 1463 733 1500 Asterabad
752 1463 904 1508 (Buhse
919 1465 928 1498 l
946 1462 1063 1509 Bgel)
1083 1463 1213 1509 Vulgo
1233 1464 1408 1499 Tatarice
1432 1463 1627 1510 Ssioyala.

191 1528 254 1564 Ar.
281 1528 415 1574 Geoqr.
441 1527 571 1563 Gallia
605 1525 973 1572 austro-orientalis,
999 1525 1184 1562 Helvetia
1209 1528 1247 1562 et
1270 1526 1483 1563 Germania
1508 1526 1710 1573 australes,
1735 1526 1849 1562 Italia

145 1576 285 1621 media,
311 1575 615 1621 Transylvania.

208 1740 246 1780 7.
275 1738 333 1780 E.
363 1737 814 1793 sempervirens
846 1736 1005 1792 (Rupr.
1033 1736 1156 1793 Mss.)
1182 1737 1438 1790 fruticosus‚
1465 1738 1598 1780 ramis
1631 1737 1852 1790 teretibus

147 1797 329 1840 laevibus
370 1797 547 1849 glabris,
587 1796 699 1839 soliis
727 1796 1067 1850 persistentibus
1103 1796 1355 1851 majusculis
1385 1797 1546 1849 glabris
1582 1796 1851 1839 brevissime

147 1857 362 1911 petiolatis
388 1856 582 1909 oblongis
609 1855 747 1898 acutis
770 1855 936 1898 minute
959 1859 1002 1897 et
1023 1856 1178 1898 obtuse
1209 1855 1497 1905 denticulatis,
1524 1855 1660 1909 cymis
1694 1855 1747 1897 ad
1781 1868 1849 1897 ra-

145 1916 366 1959 mulorum
387 1915 550 1969 apicem
574 1914 775 1957 subbinis
809 1913 991 1966 bissoris‚
1019 1914 1276 1968 pedunculis
1299 1915 1555 1967 gracillimis·
1582 1914 1725 1956 bifidis
1749 1914 1851 1956 folio

148 1975 431 2029 longioribus,
455 1974 732 2026 floribus.....,
760 1974 948 2027 capsulae
977 1973 1203 2030 (junioris)
1222 1973 1376 2016 loculis
1392 1974 1436 2015 in
1453 1974 1562 2015 alam
1583 1975 1754 2016 ovatam
1774 1973 1851 2016 ob-

146 2036 291 2076 tusam
313 2034 377 2075 eis
404 2033 601 2076 latiorem
627 2032 904 2085 abeuntibus,
932 2033 1056 2075 arillo
1083 2036 1220 2075 totum
1236 2044 1386 2074 semen
1411 2032 1661 2075 involvente
1686 2040 1722 2081 5.

192 2109 293 2145 Hal).
328 2109 369 2144 in
396 2109 554 2154 regione
595 2108 770 2144 inferiori
806 2107 1003 2144 montium
1033 2108 1224 2144 Imeretiae
1263 2107 1483 2143 Caucasicae
1513 2109 1613 2143 inter
1639 2107 1779 2144 Kutais
1811 2110 1850 2142 et

143 2156 388 2201 Ackalziche,
400 2156 606 2191 Colchidis
625 2155 751 2202 (Rupr
764 2157 802 2200 l).

194 2220 307 2274 Folia
324 2219 508 2275 inferiora
523 2219 587 2255 4-5
604 2219 767 2266 pollices
785 2219 1087 2303 longa-Species
1106 2219 1210 2274 foliis
1227 2219 1527 2266 persistentibus
1545 2219 1596 2254 ab
1609 2218 1794 2254 omnibus
1811 2221 1850 2253 et

144 2268 316 2350 Ῑοῃειιῑίἒὼε
343 2267 535 2303 latissime
565 2267 680 2302 alatis
706 2267 759 2302 ab
784 2266 830 2309 Ε,
849 2267 965 2315 Iatzfo
981 2278 1018 2303 zo
1043 2267 1235 2302 distincta.
1262 2267 1406 2302 Frutex
1422 2278 1470 2302 ex
1487 2266 1532 2302 el.
1561 2266 1758 2313 Ruprecht
1776 2266 1851 2301 hu-

325 2497 620 2547 CELASTRUS
644 2496 711 2556 (L.
743 2497 844 2546 Gen.
874 2496 981 2555 27⁰)
1012 2522 1070 2528 -
1108 2496 1433 2558 Gymnosporia
1466 2497 1633 2555 Wigbt,

206 2643 339 2698 Calyx
366 2645 441 2686 4-5
470 2644 586 2687 fidus
618 2643 687 2686 vel
718 2643 919 2697 partitus.
961 2643 1108 2686 Petala
1144 2644 1218 2686 4-5
1255 2643 1425 2686 sessilia
1449 2643 1653 2697 patentia.
1687 2643 1851 2685 Discus

147 2704 231 2745 late
257 2704 515 2757 explanatus
537 2704 612 2744 4-5
636 2702 763 2745 lobus
786 2702 856 2744 vel
880 2703 1101 2745 sinuatus·
1122 2702 1315 2745 Stamina
1334 2703 1407 2743 4-5
1427 2702 1510 2744 sub
1528 2702 1645 2743 disco
1666 2702 1845 2744 inserta.

146 2762 356 2805 Ovarium
403 2774 519 2816 saepe
567 2762 659 2804 basi
694 2773 794 2804 cum
828 2761 946 2803 disco
982 2762 1207 2805 confluens
1253 2762 1471 2815 trigonum
1520 2761 1594 2803 2-3
1643 2760 1848 2803 loculare.

147 2820 296 2875 Stylus
319 2821 482 2863 brevis.
509 2820 709 2874 stigmata
732 2820 828 2862 tria.
857 2820 995 2863 Ovula
1014 2821 1060 2863 in
1082 2821 1174 2863 basi
1199 2821 1327 2863 loculi
1350 2820 1448 2861 bina
1472 2822 1630 2861 erecta.
1657 2818 1844 2873 Capsula

150 2881 223 2922 ‘il-3
251 2879 454 2922 Iocularis
477 2880 550 2921 1-4
572 2891 746 2933 sperma
792 2879 966 2921 Semina
991 2880 1158 2922 arillata
1181 2881 1249 2922 vel
1267 2879 1490 2922 exarillata
1508 2880 1618 2920 testa
1640 2878 1851 2929 coriacea,

147 2939 367 2981 albumine
393 2950 588 2981 carnoso.
617 2963 670 2969 ——
693 2938 891 2981 Frutices
917 2949 1034 2992 saepe
1059 2939 1225 2995 spinosi
1248 2939 1359 2980 foliis
1380 2937 1559 2979 alternis
1581 2936 1646 2987 vel
1666 2937 1848 2979 fascicu-

146 2997 260 3051 latis‚
288 2998 423 3052 cymis
445 2997 713 3040 axillaribus.
