2044 3231
181 247 255 284 744
898 252 1187 282 LYTHRARIEAE.
1630 241 1895 280 Ammannz'a.

185 330 342 373 obtuse
371 327 782 380 cordato-sagittatis
806 323 1316 378 semiamplexicaulihus‚
1344 323 1601 377 pedunculis
1631 324 1887 368 axillaribus

187 389 426 430 dichotome
453 390 496 428 et
521 386 670 428 stricte
703 385 947 434 5-7-ssoris>‚
981 384 1165 426 floribus
1201 383 1419 435 minimi8‚
1452 382 1606 436 calycis
1644 383 1888 426 turbinato-

186 446 474 500 quadranguli
501 445 798 499 prominenter
820 443 1009 486 8-nervii
1034 442 1145 485 lobis
1171 442 1350 484 minutis
1375 441 1717 495 triangularibus
1746 443 1886 484 acutis

188 505 391 547 dentibus
422 503 691 546 intermediis
720 502 1006 555 brevissimis,
1032 501 1186 555 petalis
1206 500 1346 543 roseis
1379 500 1574 543 obovatis
1591 534 1601 552 ‚
1622 500 1885 543 staminibus

236 637 337 673 Hah.
367 638 409 672 in
442 636 616 672 vallibus
649 644 758 680 prov.
789 633 967 668 Susianae
1003 632 1147 668 Pei-siae
1182 635 1301 668 austr.
1336 631 1386 668 ad
1418 632 1456 667 fl.
1487 631 1667 678 Chyrsan
1701 632 1888 679 frequens

187 684 368 729 (Haussk
379 686 416 729 l),
434 684 475 718 in
498 681 709 728 Ass'ghania
726 680 861 725 (Griffl
879 680 988 715 2315!
1007 681 1046 715 et
1058 679 1152 715 2316
1165 681 1201 724 l).

233 747 358 783 Multo
373 747 555 793 gracilior
570 746 618 781 A.
643 741 873 781 auriculam
891 746 928 779 et
945 743 1071 789 magis
1087 743 1312 788 multiflora,
1327 743 1441 779 flores
1459 742 1600 779 saltem
1618 742 1741 789 duplo
1760 742 1889 778 mino-

186 804 257 829 res.
277 794 497 840 Specimina
517 793 755 829 Griffthiana
773 794 810 827 et
826 791 982 826 Persica
998 800 1088 826 cum
1105 790 1250 826 Indicis
1271 800 1318 826 ex
1340 790 1488 826 ditione
1504 789 1688 836 Punjaub
1711 800 1760 826 ex
1778 789 1888 826 herb.

186 840 371 877 Kewensi
389 841 522 877 missis
541 840 702 876 omnino
720 840 951 884 congruunt.

232 916 293 950 Ar.
322 914 454 960 Geogr.
480 913 593 950 India
611 912 837 958 subtrepica
855 913 893 946 et
912 911 1070 957 tropica.

734 1076 991 1125 LAWSONJA
1011 1076 1069 1138 (L.
1095 1075 1194 1123 Gen.
1214 1075 1336 1134 482).

252 1203 416 1259 Calycis
449 1204 582 1247 tubus
610 1201 900 1245 brevissimus
926 1200 1173 1244 turbinatus
1206 1202 1407 1254 4-g0nus,
1430 1199 1517 1242 lobi
1541 1201 1569 1242 4
1588 1201 1786 1253 patentes
1802 1199 1888 1241 late

186 1265 304 1307 ovati
327 1263 530 1306 dentibus
556 1261 807 1306 accessoriis
827 1260 974 1302 nullis.
1006 1260 1152 1304 Petala
1187 1261 1214 1302 4
1247 1262 1472 1313 corrugata
1509 1259 1564 1302 ad
1598 1258 1762 1313 apicem
1792 1257 1888 1301 tubi

189 1324 368 1377 calycini
396 1323 511 1364 disco
538 1320 749 1364 urceolari
769 1320 945 1361 inserta.
975 1320 1166 1361 Stamina
1201 1319 1226 1360 8
1270 1331 1347 1372 per
1374 1316 1495 1371 paria
1530 1318 1683 1372 petalis
1720 1317 1887 1359 alterna

187 1383 241 1425 ad
274 1383 397 1425 basin
432 1381 524 1423 tubi
562 1381 736 1422 inserta.
782 1378 930 1432 Stylus
963 1378 1190 1428 filiformis,
1228 1378 1381 1430 stigma
1421 1377 1667 1431 capitatum.
1701 1374 1888 1429 Capsula

187 1442 343 1495 Calycis
379 1440 473 1482 basi
502 1440 659 1493 stipata
690 1437 863 1491 globosa
901 1436 1260 1491 quadrilocularis
1301 1435 1604 1489 irregulariter
1637 1438 1780 1489 rupta.
1810 1435 1888 1478 Se-

188 1501 304 1542 mina
326 1511 558 1542 numerosa
583 1497 788 1551 placentis
810 1495 1112 1538 crassiusculis
1144 1494 1212 1537 axi
1236 1495 1404 1537 adn-atis
1431 1494 1608 1536 inserta.
1638 1519 1695 1524 —
1720 1494 1887 1537 Frutex

190 1559 498 1612 glaberrimus‚
525 1558 635 1599 foliis
659 1555 883 1610 oppositis,
911 1554 1093 1597 floribus
1116 1554 1237 1596 albis.

255 1736 288 1776 1.
322 1735 378 1777 L.
407 1735 545 1777 alba
571 1734 707 1789 (Lam.
733 1734 841 1775 Dict.
868 1734 900 1782 Ι,
926 1746 964 1787 p.
1002 1733 1103 1787 106)
1131 1734 1263 1775 ramis
1289 1733 1500 1787 oppositis
1531 1732 1744 1774 teretibus
1772 1742 1887 1785 saepe

188 1794 362 1836 tandem
410 1794 772 1847 spincsceufflms,
816 1793 929 1835 foliis
980 1793 1174 1834 breviter
1227 1792 1442 1846 petiolatis
1490 1790 1886 1834 ovato-lanceolntis

187 1853 384 1906 integris,
423 1853 582 1895 florum
621 1852 837 1905 corymbis
867 1851 1076 1894 brevibus
1109 1851 1357 1894 multifloris
1393 1864 1445 1892 au
1483 1850 1625 1904 apices
1664 1861 1886 1892 ramorum

187 1912 443 1965 paniculatis
471 1919 505 1960 5.
542 1912 595 1954 Ic.
642 1911 786 1964 Wight
812 1911 874 1960 Ill.
903 1910 972 1952 tab
1017 1912 1087 1952 87.
1112 1911 1228 1953 -L.
1253 1910 1436 1952 inermis
1457 1914 1500 1952 et
1532 1909 1582 1951 L.
1621 1908 1803 1962 spinosa
1838 1907 1885 1949 L.

188 1970 313 2024 Spec.
344 1972 441 2013 498.

233 2044 331 2079 Hab.
352 2044 391 2079 in
408 2043 590 2090 AEgypto,
605 2045 750 2080 Arabia
763 2046 918 2090 petraea,
936 2044 1069 2079 Persia
1086 2044 1155 2079 ubi
1173 2044 1394 2090 frequenter
1408 2041 1636 2087 colitur,sed
1653 2052 1703 2077 an
1722 2041 1778 2076 ibi
1796 2050 1885 2076 vere

183 2093 424 2137 spontanea?
442 2091 484 2126 In
503 2091 727 2127 Belutschia
743 2091 928 2137 indigena
946 2090 1100 2136 (Stocks
1111 2092 1137 2135 1)
1155 2091 1321 2127 Arabice
1339 2089 1510 2126 Hermeh.

236 2165 295 2199 Ar.
320 2164 454 2209 Geoqr.
473 2163 593 2199 India.

613 2423 776 2469 om).
808 2422 972 2467 XLV.
1014 2420 1456 2467 ONAGRARIAE

698 2539 810 2582 Juss.
838 2540 947 2581 Axis.
974 2538 1078 2580 Mus.
1105 2538 1180 2591 111,
1209 2551 1249 2592 p.
1279 2539 1376 2580 315.

245 2657 395 2698 Flores
429 2655 767 2710 hermaphroditi
811 2657 1034 2710 regulares
1068 2656 1212 2698 rarius
1246 2655 1526 2709 irregulares.
1560 2653 1725 2708 Calycis
1752 2655 1884 2697 tubus

184 2715 335 2757 ovario
360 2715 558 2767 adflatus,
585 2716 744 2757 limbus
772 2717 846 2757 4-ss
870 2716 1015 2758 rarius
1045 2713 1281 2767 Q-partitus
1309 2714 1474 2756 laciniis
1501 2713 1702 2755 valvatis.
1738 2713 1886 2755 Petula

187 2777 249 2816 tot
273 2777 378 2828 quot
400 2774 556 2827 calycis
585 2774 747 2816 laciniae
768 2786 864 2816 cum
886 2775 949 2816 eis
974 2773 1230 2816 alternantia
1258 2773 1524 2815 festivatione
1556 2774 1766 2815 contorta.
1794 2771 1887 2814 Sta-

188 2832 304 2874 mina
329 2845 424 2874 cum
454 2833 606 2886 petalis
641 2833 692 2875 ad
729 2834 892 2875 faucem
925 2833 1017 2875 tubi
1051 2833 1214 2874 inserta
1241 2832 1428 2874 definita.
1467 2831 1675 2874 Ovarium
1697 2831 1885 2873 inferum

193 2891 557 2944 1-pluriloculare.
582 2891 731 2944 Stylus
770 2892 995 2943 lilisormis,
1027 2892 1180 2944 stigma
1206 2891 1440 2945 capitatum
1466 2890 1529 2932 vel
1560 2889 1879 2944 quadrilobum.

188 2948 326 2991 Ovula
368 2953 574 3002 anatropa
615 2950 659 2991 in
700 2951 852 2992 loculis
894 2950 1084 2992 solitaria
1123 2950 1190 2992 vel
1232 2961 1477 2992 numerosa.
1511 2949 1698 2991 Fructus
1736 2948 1886 2991 varius

184 3008 424 3060 capsularis
452 3008 516 3050 vel
541 3013 915 3052 nucamentaceus.
947 3008 1120 3051 Semina
1142 3009 1486 3051 exalbuminosa.
1515 3033 1569 3039 —
1591 3007 1761 3051 Herbae.
