2015 3227
107 203 414 251 Semper-vivum.
800 214 1101 241 cnassumcm.
1733 207 1803 244 797

165 318 204 358 4.
238 317 276 361 S
323 317 680 373 qlobiferum
717 317 783 368 (L.
821 318 893 372 Sp.
922 316 1020 362 655.
1046 320 1235 362 —Koch
1263 320 1388 376 Syn.)
1412 321 1523 364 foliis
1548 322 1796 367 rosularum

105 373 502 421 obova'to-cuneatis
538 375 732 419 breviter
766 378 1021 420 acuminatis
1045 379 1253 433 utrinque
1279 380 1681 433 glanduloso-hirtis
1708 382 1799 426 lon-

103 438 201 491 gius
223 436 389 489 ciliatis,
413 436 604 489 corymbi
623 436 844 479 multiflori
862 437 994 479 ramis
1017 437 1295 491 abbreviatis,
1317 439 1472 493 petalis
1498 441 1628 483 luteis
1653 441 1798 483 stella-

103 497 371 549 to·expansis
398 494 526 538 hirtis
552 495 975 538 lineari-lanceolatis
1001 497 1255 540 acuminatis
1283 498 1425 551 calyce
1446 499 1614 552 3-4-plo
1640 499 1799 554 longio-

102 555 250 607 ribus,
287 555 480 610 squamis
512 554 739 608 hypoginis
772 554 1176 608 glanduliformihus
1203 556 1370 599 obtusis
1418 563 1474 605 26.
1526 558 1568 600 S.
1606 559 1803 601 Braunii

102 613 258 656 Ledeb.
283 614 344 655 Fl.
373 614 498 657 Ross.
527 613 581 663 ΙΙ,
607 626 646 667 p.
676 615 757 655 190
779 613 982 667 probabQ
1001 626 1089 656 non
1108 615 1236 657 Koch.
1257 640 1307 645 ——
1326 615 1370 658 S.
1393 615 1635 659 Armenum
1655 616 1794 661 Boiss.

102 672 255 726 Diagn.
274 672 364 715 Ser.
392 672 445 726 ΙῘ,
469 685 497 727 p
540 674 607 714 60.
627 695 685 704 —
703 671 746 714 S.
776 671 1120 727 Cappadocicum
1140 673 1279 716 Boiss.
1309 674 1412 716 Mss.

148 746 248 781 Hab.
281 747 322 781 in
348 746 597 800 Cappadocia
621 745 801 791 (Tchihl)
830 747 868 780 et
896 748 1027 781 monte
1054 745 1226 792 Alidagh
1256 747 1431 787 eiusdem
1458 759 1565 795 prov.
1593 749 1657 785 alt.
1689 749 1797 785 5000’

100 792 191 838 (Bal
202 795 238 839 Ι),
256 793 443 829 Armenia
458 789 621 828 Turcma
638 793 687 828 ad
705 792 908 828 Kassuklu
926 793 1049 837 (Huet
1060 795 1086 839 1)
1105 795 1143 829 et
1161 794 1202 829 in
1221 795 1386 830 summis
1413 795 1664 841 Bingoldagh
1689 797 1794 833 9800·

100 839 190 886 (Ky.
217 851 296 876 exs.
321 840 438 885 3851),
470 851 590 887 supra
620 839 756 887 Djimil
785 839 901 875 Ponti
931 840 1058 876 Lazici
1082 839 1189 877 6600’
1221 841 1311 886 (Bal
1322 844 1359 887 1),
1395 842 1568 879 Caucaso
1604 843 1794 888 (Ledeb.)'

99 887 158 922 Fl.
176 887 251 923 Jul.

147 950 259 986 Prius
277 950 378 986 hanc
394 950 573 998 plantam
594 961 618 986 a
636 949 675 987 S.
691 949 881 997 ,qlobifero
905 951 1129 987 distinctam
1152 954 1452 988 autumaveram
1487 953 1592 1000 quod
1623 954 1797 1001 descrip-

97 998 203 1033 tione
226 1000 377 1033 tantum
406 998 509 1043 novi,
535 997 652 1045 hujus
678 1008 856 1044 squamas
882 998 1127 1033 brevissimae
1151 999 1478 1044 glanduliformes
1503 1001 1687 1037 dicuntur
1706 1013 1794 1048 quae

99 1045 198 1081 mihi
215 1055 235 1080 e
252 1046 352 1080 sicco
375 1045 416 1080 in
442 1045 580 1091 planta
605 1046 776 1080 Armenii
805 1045 980 1080 minimae
1008 1046 1153 1090 ovatae;
1180 1048 1366 1083 caeterum
1384 1047 1463 1083 illis
1479 1047 1517 1085 S.
1538 1053 1727 1085 tectorum
1744 1050 1795 1085 si-

95 1092 277 1128 millimae
299 1094 390 1127 sunt
408 1102 496 1139 quae
513 1102 670 1139 quoque
689 1091 1014 1138 glanduliformes
1031 1092 1316 1129 describuntur.

144 1157 196 1192 Ar
225 1156 357 1202 Geoqr.
382 1155 525 1192 Rossia
542 1155 672 1191 media
690 1157 727 1192 et
743 1156 938 1192 australis.

95 1305 119 1361 g
151 1307 191 1349 2.
224 1331 279 1337 —
309 1304 668 1350 Jovisharba
703 1305 819 1348 Koch
844 1305 945 1358 Syn.
982 1306 1080 1348 290.
1117 1330 1170 1336 —
1198 1306 1344 1350 Petala
1385 1310 1428 1350 et
1460 1309 1605 1363 sepala
1647 1317 1791 1354 erecta

273 1366 571 1419 campanulata
590 1364 661 1407 illa
683 1364 801 1418 apice
824 1368 1065 1417 recurvata,
1089 1365 1278 1420 capsulae
1303 1370 1468 1410 erectae.

155 1485 194 1526 5.
227 1483 278 1528 S,
309 1487 524 1539 patens
548 1483 746 1540 (Griseb.
783 1484 833 1526 It.
859 1483 998 1537 Hung.
1037 1495 1073 1537 p.
1104 1483 1214 1538 3115]
1241 1484 1354 1527 foliis
1380 1486 1629 1529 rosularum
1661 1500 1789 1542 parce

94 1543 221 1586 hirtis
243 1543 434 1596 margme
451 1543 583 1597 dense
600 1543 754 1586 ciliatis
777 1542 970 1585 obovatis
992 1542 1176 1596 abrupte
1200 1546 1242 1584 et
1266 1542 1390 1597 longe
1415 1545 1667 1599 cuspidatis,
1691 1559 1789 1590 cau-

93 1601 193 1645 linis
217 1602 666 1655 oblongc-lanceolatis
695 1602 832 1645 acutis
866 1601 1381 1655 semiamplexicaulibus‚
1408 1604 1612 1656 corymbo
1638 1605 1788 1658 denso,

93 1661 246 1716 petalis
274 1663 300 1704 6
327 1661 592 1704 ochroleucis
613 1661 771 1703 erectis
792 1660 918 1702 hirtis
938 1659 1306 1714 lineari-oblongis
1330 1661 1498 1705 obtusis
1520 1665 1787 1707 mucronatis

95 1719 237 1774 calyce
258 1724 381 1763 acuto
408 1720 825 1774 sesquilongioribus
841 1754 851 1771 ,
870 1719 1064 1772 squamis
1084 1719 1326 1773 hypogynis
1347 1720 1543 1764 breviter
1565 1724 1703 1766 ovatis
1726 1730 1784 1771 26.

91 1778 133 1822 S.
157 1778 362 1832 Heuffebc't'
384 1779 530 1822 Schott
548 1777 659 1821 —S.
689 1778 859 1820 hirtum
879 1778 964 1821 Sm.
991 1778 1146 1820 Prodr.
1174 1778 1208 1831 l,
1235 1791 1275 1833 p.
1303 1780 1385 1822 235
1408 1793 1494 1824 non
1519 1781 1570 1823 L.

139 1853 241 1889 Hah.
260 1853 300 1889 in
319 1854 450 1889 monte
467 1852 662 1888 Korthiati
691 1863 811 1899 supra
836 1851 1160 1888 Thessalonicam
1189 1852 1429 1890 Macedoniae
1452 1854 1594 1900 (Sibth.
1619 1856 1787 1893 Frieder.

92 1900 247 1947 Orphl),
264 1901 453 1936 in‘monte
470 1900 652 1935 Peristeri
670 1899 735 1935 alt.
754 1899 983 1935 5000'-6000‘
1002 1899 1128 1947 (Orph
1140 1901 1178 1945 t).
1198 1900 1255 1936 Fl.
1271 1901 1349 1937 Jul.

138 1964 270 2000 Flores
285 1964 341 2001 eis
357 1964 396 2001 S.
414 1963 510 2000 hirta·
526 1964 646 2010 duplo
664 1963 862 2000 breviores
874 1993 882 2009 ,
899 1963 1030 2011 petala
1047 1964 1174 2000 multo
1199 1965 1332 2001 minus
1358 1967 1574 2013 attenuata,
1592 1967 1687 2003 folia
1704 1967 1789 2003 lon-

90 2012 178 2059 gius
196 2015 234 2048 et
251 2012 455 2059 abruptius
470 2013 709 2047 mucronata.

136 2076 197 2112 Ar.
216 2075 349 2121 Geoqr.
377 2075 529 2111 Montes
546 2075 731 2120 Banatus,
749 2074 1060 2121 Transylvaniae.

469 2233 677 2284 AEoumii
703 2233 841 2296 (webb
870 2233 986 2295 Phyt.
1019 2233 1169 2282 Canar.
1205 2234 1237 2290 1,
1268 2233 1385 2295 184).

147 2347 278 2403 Calyx
303 2349 556 2392 6-12-fidus.
584 2349 731 2391 Petala
754 2349 858 2391 6-12
876 2347 968 2390 basi
991 2359 1089 2390 cum
1108 2348 1365 2390 staminibus
1385 2350 1427 2389 et
1454 2348 1568 2390 inter
1586 2360 1631 2390 sc
1654 2349 1699 2390 in
1720 2361 1786 2391 co-

88 2407 240 2450 rollam
268 2409 581 2462 monopetalam
608 2420 812 2451 connexa.
840 2406 1040 2460 Squamae
1075 2407 1316 2461 hypogyuae
1343 2409 1404 2448 tot
1429 2410 1534 2460 quot
1558 2408 1695 2461 petala
1719 2409 1785 2450 vel

90 2466 307 2509 obsoletae.
338 2466 534 2520 Carpella
560 2470 622 2510 tot
658 2470 763 2522 quot
792 2467 928 2520 petala
958 2466 1052 2508 basi
1082 2466 1126 2508 in
1155 2467 1306 2508 tubum
1330 2465 1485 2518 calycis
1514 2465 1612 2520 plus
1641 2467 1787 2510 miuus

88 2524 304 2568 immersa.
328 2551 377 2558 —-
401 2527 559 2569 Herbae
576 2527 643 2569 vel
667 2525 845 2569 frutices
863 2524 1045 2568 carnosi.
1062 2550 1120 2555 —-
1136 2524 1284 2568 Genus
1310 2524 1457 2567 habitu
1482 2525 1625 2578 potius
1654 2539 1783 2580 quam

90 2584 410 2628 characteribus
436 2599 461 2628 a
485 2584 761 2639 Sempervivo
787 2584 1051 2627 distinctum.

150 2744 185 2785 1.
220 2744 299 2787 ΛΕ.
327 2743 646 2787 arboreum
673 2744 739 2799 (L.
770 2744 841 2798 Sp.
871 2746 954 2787 664
991 2744 1073 2787 sub
1105 2743 1402 2799 Sempcrnivo)
1437 2745 1557 2787 caule
1583 2745 1786 2786 arbores-

87 2805 208 2844 cente
235 2803 454 2856 ramisque
479 2804 638 2845 crassis
664 2804 876 2846 teretibus
900 2805 1162 2846 cicatricosis
1186 2803 1354 2845 inferne
1380 2804 1628 2850 attenuatis,
1657 2816 1781 2846 rosu-

85 2860 138 2903 lis
161 2861 516 2910 coucaviusculis,
539 2862 649 2904 foliis
676 2863 920 2916 patentibus
948 2862 1485 2916 cuneiformi-spathulatis
1503 2862 1671 2904 obtusis
1690 2875 1782 2905 mu-

87 2920 322 2962 crouulatis
364 2919 671 2972 glabriusculis
713 2922 889 2969 ciliatis,
933 2924 1067 2976 cymis
1106 2922 1407 2975 pedunculatis
1453 2922 1493 2963 in
1541 2921 1781 2975 paniculam

86 2978 378 3032 thyrsoideam
411 2980 690 3022 multifloram
724 2981 914 3023 soliosam
958 2981 1213 3034 aggregatis,
1252 2980 1409 3034 calycis
1447 2980 1611 3022 laciniis
1644 2980 1784 3023 ovatis
