2015 3227
163 201 355 240 Zozimia.
856 211 1162 240 mmmmm.
1762 207 1857 244 1037

586 315 785 363 zozlmA
811 315 970 375 (Hoffm.
998 315 1112 363 Umb.
1139 315 1226 364 1⁴5
1252 316 1336 364 tab.
1362 317 1428 376 ⁴).

221 429 354 484 Calyx
387 430 801 484 quinquedentatus.
842 431 987 473 Petala
1031 429 1212 473 obov'ata
1240 433 1502 486 emarginata
1542 446 1638 476 curn
1668 436 1853 479 lacinula

160 490 333 534 inflexa.
355 488 542 532 Fructus
571 502 594 530 a
626 488 755 532 dorso
789 490 1215 543 plano-compressus
1246 491 1436 544 margine
1477 492 1649 535 dilatato
1687 495 1852 537 tumido

160 548 259 592 laevi
280 549 459 599 cinctus,
486 546 625 600 spatio
649 548 764 589 inter
788 559 937 590 semen
958 550 1002 590 et
1022 549 1258 601 marginem
1280 549 1364 591 lato
1391 550 1574 604 hyalino.
1600 552 1852 606 Mericarpia

156 608 271 663 ⁸¹iugis
284 605 568 656 tenuissimis,
582 604 854 648 intermediis
870 606 1260 659 aequidistantibus,
1275 608 1524 651 lateralibus
1542 611 1720 653 remotis
1739 624 1852 653 mar-

159 666 248 720 gini
273 664 497 718 contiguis.
521 663 751 707 Valleculae
770 664 1010 706 univittatae
1051 664 1169 707 vittis
1204 665 1302 708 latis
1333 669 1465 709 totam
1501 668 1753 711 valleculam
1779 682 1852 712 ex-

158 723 391 779 plentibus,
425 722 824 765 commissuralihus
870 723 984 765 binis
1020 723 1245 776 contiguis.
1274 749 1329 754 —
1354 724 1509 768 Herbae
1543 729 1853 782 monocarpicae

157 782 227 825 vel
253 793 484 836 perennes,
512 779 796 835 pubescentes
839 782 907 823 vel
946 781 1140 833 hirsutae,
1161 782 1273 824 foliis
1298 783 1507 836 pinnatim
1533 785 1851 839 decompositis‚

157 841 340 884 floribus
361 840 484 882 albis.
514 864 567 869 —
594 838 742 882 Genus
772 839 824 881 ab
849 838 1057 882 Heracleo
1081 841 1272 893 margine
1300 842 1466 884 fructus
1492 843 1638 886 inflato
1666 849 1709 886 et
1732 846 1851 888 vittis

155 902 290 943 totam
328 898 580 941 valleculam
618 898 912 952 implentibus,
942 911 966 940 a
1013 896 1217 952 Tordylio
1252 901 1444 953 margine
1468 902 1666 950 laevinec
1691 916 1850 956 rugoso

159 958 423 1001 distinctum.

219 1117 254 1158 1.
287 1115 340 1158 Ζ.
371 1113 783 1158 absinthifolia
814 1113 958 1168 (Vent.
995 1111 1130 1156 Choix
1162 1114 1249 1156 tab.
1292 1116 1345 1156 22
1384 1115 1466 1157 sub
1502 1116 1722 1169 Heracleo)
1751 1118 1849 1170 plus

155 1175 301 1218 minus
328 1174 463 1215 dense
484 1172 946 1226 pubescenti-cinerea,
970 1172 1113 1214 radice
1145 1176 1292 1216 crassa
1323 1175 1552 1227 fusiformi,
1584 1176 1690 1218 collo
1716 1175 1852 1219 dense

155 1233 334 1284 fibroso,
361 1231 558 1274 caulibus
583 1232 742 1274 crassis
773 1231 950 1274 sulcatis
975 1231 1183 1274 brevibus
1219 1244 1334 1286 saepe
1361 1233 1414 1274 ad
1441 1233 1710 1286 pedunculos
1734 1246 1851 1277 cras-

155 1304 227 1335 sos
254 1289 547 1334 subradicales
570 1289 775 1339 reductis,
799 1290 911 1332 soliis
937 1290 1101 1332 ambitu
1121 1291 1571 1343 oblongo-lanceolatis
1589 1293 1850 1346 pinnatisec-

152 1351 211 1394 tis
237 1348 445 1403 4-7-jug'is
468 1350 703 1402 segmentis
726 1349 922 1401 oblongis
947 1349 992 1390 in
1019 1349 1227 1392 lacinulas
1251 1349 1446 1392 breviter
1467 1349 1655 1393 lineares
1672 1351 1849 1394 obtusas

154 1407 474 1462 decompositis,
497 1407 698 1450 umbellis
720 1407 1040 1457 multiradiatis,
1082 1408 1237 1461 petalis
1269 1420 1355 1450 non
1389 1408 1674 1458 radiantibus,
1704 1409 1849 1452 fructu

155 1466 388 1511 orbiculari
428 1466 498 1508 vel
537 1466 725 1519 elliptico
763 1466 882 1519 apice
922 1469 1069 1508 retuso
1108 1466 1163 1520 Q)
1200 1467 1269 1508 vel
1306 1467 1503 1508 triennis,
1535 1467 1588 1509 lc.
1618 1468 1752 1509 Sibth.
1781 1468 1844 1509 Fl.

155 1525 291 1569 Graec.
317 1526 399 1567 tab.
427 1525 523 1567 281.
550 1548 604 1554 —
626 1525 670 1567 Z.
697 1523 934 1568 Orientalz's
961 1524 1115 1567 Hoffm.
1156 1524 1280 1566 Umh.
1318 1526 1402 1567 talo.
1436 1527 1475 1567 lt.
1506 1550 1558 1577 ε-
1590 1525 1846 1568 Heracleum

155 1586 443 1627 tomentosum
467 1583 604 1626 Smith
624 1584 776 1626 Prodr.
797 1583 829 1636 I,
848 1596 887 1637 p.
912 1584 1008 1625 192.
1032 1608 1087 1614 —-
1105 1583 1149 1625 Z.
1170 1582 1478 1635 abaintlzffolw‘a
1493 1598 1571 1626 nc.
1596 1584 1749 1627 Prod1·.
1773 1584 1856 1637 IV„

202 1716 302 1752 Hah.
320 1716 361 1751 in
378 1716 533 1752 collinis
550 1715 659 1752 siccis
677 1717 715 1751 et
731 1715 882 1751 saxosis
898 1714 1094 1750 Anatoliae
1110 1715 1150 1750 in
1168 1714 1326 1750 Galatia
1343 1715 1472 1759 (Wied
1485 1717 1521 1760 2),
1543 1715 1659 1750 Caria
1677 1715 1848 1761 (Boissl).

155 1763 290 1800 Cilici-a,
310 1763 449 1808 (Ball),
466 1762 588 1809 Cypri
606 1762 746 1806 (Sihth.
764 1762 874 1808 KyD,
892 1761 1015 1808 Syriae
1036 1763 1115 1797 bor.
1135 1762 1272 1806 (Auch.
1298 1772 1376 1797 exs.
1402 1761 1511 1797 3595!
1538 1762 1697 1797 Haussk
1711 1764 1747 1807 l),
1774 1763 1848 1798 Pa-

153 1809 305 1847 lestinae
325 1820 443 1856 prope
460 1809 565 1845 Gaza
584 1809 762 1854 (Boissl),
779 1809 935 1844 Arabiae
949 1810 989 1844 in
1008 1809 1209 1845 montibus
1226 1808 1419 1844 Sinaiticis
1437 1808 1623 1855 (Schimp⁴
1640 1820 1718 1844 exs.
1731 1809 1847 1855 3701),

154 1858 350 1894 Armeniae
365 1857 415 1892 ad
432 1857 583 1903 Karput
595 1857 743 1901 (Νοέὶ),
760 1856 809 1891 ad
829 1856 996 1891 Baihout
1013 1855 1163 1901 (Bourg
1172 1858 1208 1901 1),
1239 1855 1400 1890 Caucasi
1428 1858 1465 1890 et
1495 1866 1601 1902 prov.
1628 1856 1846 1891 Transcau-

154 1905 369 1940 casicarum
400 1903 629 1940 3000‘-6000'
663 1903 776 1948 (ΜΒ.
808 1903 975 1947 Hohenl,
1007 1904 1104 1948 etc),
1135 1902 1428 1948 Mesopotamiae
1461 1904 1499 1937 et
1531 1903 1703 1948 Assyriae
1723 1902 1847 1947 (Olivi

154 1950 360 1996 Hausskl),
378 1951 519 1986 Persiae
537 1951 668 1996 totius,
686 1949 958 1985 Turkestaniae
973 1949 1153 1994 (Lehm.)‚
1181 1949 1403 1995 Affghaniae
1428 1948 1588 1994 (Griffl),
1611 1949 1846 1985 Belutschiae

155 1998 307 2044 (Stocks
320 1999 358 2042 l).
378 1998 436 2033 Fl.
454 2008 556 2034 vere.

201 2061 336 2097 Variat
352 2061 582 2096 indumento
602 2060 761 2107 copioso
790 2059 854 2095 vel
885 2059 1102 2103 rarescenti,
1127 2059 1253 2094 fructu
1283 2058 1372 2105 plus
1399 2058 1529 2093 minus
1558 2057 1678 2093 dense
1735 2058 1841 2093 uhes-

155 2108 268 2153 centi,
285 2108 406 2153 vulgo
423 2108 447 2143 5
462 2107 588 2143 lineas
606 2108 644 2143 et
658 2107 828 2154 amplius
845 2106 976 2151 longo,
993 2106 1189 2141 interdum
1207 2106 1264 2150 (in
1289 2105 1444 2151 specim.
1467 2104 1620 2140 Persico
1639 2115 1688 2140 ex
1746 2115 1846 2140 erse-

154 2154 252 2202 poli)
282 2158 411 2190 tamen
439 2154 464 2190 3
489 2154 531 2199 Ἴ,
563 2155 634 2189 lin.
666 2154 796 2200 longo.
827 2153 1047 2200 Mericarpii
1073 2162 1208 2197 margo
1226 2152 1386 2187 inflatus
1410 2152 1605 2187 interdum
1635 2154 1763 2186 tamen
1790 2153 1846 2196 (in

154 2202 313 2249 specim.
332 2201 507 2246 Cilicico)
524 2201 807 2248 planiusculus.

215 2343 254 2384 2.
287 2341 340 2384 Z.
368 2339 616 2385 radians
636 2341 798 2397 (Boiss.
823 2344 867 2382 et
900 2339 1063 2382 Hohen.
1088 2339 1239 2391 Diagn.
1264 2337 1354 2380 Ser.
1384 2337 1416 2390 Ι,
1442 2338 1508 2389 10,
1535 2349 1574 2389 p.
1604 2335 1679 2390 43)
1705 2335 1849 2378 radice

155 2400 382 2453 fusiformi,
415 2400 523 2442 collo
549 2400 683 2442 dense
709 2400 885 2452 fibroso,
910 2399 1029 2440 caule
1055 2400 1197 2440 erecto
1231 2397 1394 2438 sulcato
1423 2406 1550 2449 parce
1577 2406 1760 2445 ramoso,
1789 2395 1847 2436 so-

154 2459 226 2502 liis
253 2458 510 2501 radicalibus
537 2458 916 2501 albo-tomentellis
942 2456 1105 2499 ambitu
1137 2456 1275 2498 ovatis
1305 2453 1601 2508 pinnatisectis
1639 2452 1848 2506 2-3-jugis

156 2517 392 2571 segmentis
415 2517 609 2570 oblong1s
632 2518 676 2559 in
702 2516 910 2559 lacinulas
938 2516 1126 2557 lineares
1153 2513 1370 2566 elongatas
1402 2512 1500 2554 villo
1533 2523 1747 2553 connexas
1776 2524 1847 2552 su-

154 2575 556 2630 pradecompositis,
575 2576 688 2619 foliis
713 2575 895 2618 caulinis
920 2574 1042 2616 valde
1068 2573 1292 2614 diminutis
1317 2572 1460 2613 minus
1491 2570 1621 2620 canis,
1661 2569 1846 2611 umbella

155 2634 462 2689 multiradiata,
495 2634 648 2688 petalis
680 2634 804 2676 valde
834 2633 1120 2683 radiantibus,
1152 2631 1297 2672 fructu
1319 2629 1504 2683 elliptico
1530 2628 1768 2681 praeserlim
1795 2627 1845 2669 ad

155 2692 323 2735 discum
346 2693 469 2746 longe
492 2692 879 2747 papillari-hirsuto
902 2691 1019 2745 apice
1047 2694 1195 2732 retuso
1219 2689 1298 2743 ῶῖ

155 2765 306 2858 24ξῐὸι1).
324 2767 365 2802 in
383 2766 586 2802 schistosis
603 2766 748 2801 montis
771 2765 915 2801 Elbrus
934 2764 1075 2800 Persiae
1103 2762 1272 2798 borealis
1298 2771 1418 2808 prope
1450 2760 1637 2805 Passgala
1654 2758 1747 2804 (Ky.
1767 2768 1847 2793 exs.

202 2875 338 2912 Facies
358 2876 611 2923 praecedentis
628 2887 653 2911 a
669 2877 749 2922 qua
763 2875 892 2911 differt
918 2873 1148 2909 indumento
1178 2873 1513 2908 cano-tomentoso
1538 2868 1721 2904 foliorum
1752 2868 1847 2903 infe-

157 2923 317 2968 riorum,
339 2922 492 2959 laciniis
515 2923 718 2968 elongatis,
748 2921 887 2968 petalis
912 2921 1028 2956 valde
1060 2919 1324 2963 radiantibus3
1357 2916 1586 2963 lnericarpia
1619 2925 1688 2950 sex
1721 2914 1845 2950 lineas

155 2968 276 3016 longa.
296 2970 472 3016 margine
490 2969 604 3006 valde
623 2969 782 3006 tumido.
