2065 3236
234 221 310 258 682
994 224 1197 250 RosACEAE.
1829 211 1950 249 Rosa.

287 316 429 353 Affinis
448 315 495 352 R.
515 314 766 358 mollissimae,
783 312 886 349 rami
904 311 1140 357 graciliores,
1157 310 1293 347 foliola
1306 309 1434 355 magis
1453 308 1593 344 dissita
1610 308 1802 344 teneriora
1819 308 1953 344 minus

241 366 280 401 et
299 364 460 399 brevius
484 363 707 397 tomentosa
738 360 889 396 minute
918 358 1167 405 glandulosa„
1188 358 1305 393 flores
1335 356 1500 392 dimidio
1529 356 1713 392 minores,
1738 355 1798 390 Ex
1815 355 1952 402 paucis

241 409 528 458 speciminibus
546 409 641 444 nota
661 410 698 444 et
715 407 881 443 ulterius
900 405 1162 442 observanda.

299 559 371 600 29.
407 557 469 601 R.
494 555 843 613 Ruprechti‚
876 554 1038 599 aculeis
1064 567 1088 596 a
1119 554 1214 597 basi
1240 554 1415 595 dilatata
1439 551 1690 606 compressa
1712 551 1954 593 rectiuscu·

236 617 306 670 lis,
324 617 499 671 stipulis
517 627 738 658 ramorum
753 615 1048 658 florifer-orum
1067 612 1358 663 subdilatatiS,
1370 611 1525 654 foliolis
1543 611 1614 653 5-7
1636 609 1952 664 approximatis

236 675 585 729 ovato-oblongis
613 674 785 728 pallidis
810 674 1019 728 utrinque
1046 672 1119 715 sed
1157 672 1312 714 subtus
1352 670 1533 713 densius
1560 669 1750 711 molliter
1784 671 1953 712 tomen-

236 734 347 777 tosis
375 733 603 776 biserratis
632 736 794 787 praeter
817 732 1060 775 denticulos
1088 729 1396 784 eglandulosis.
1417 728 1601 772 floribus
1631 728 1701 770 1-8
1727 726 1849 779 albis,
1875 737 1954 780 pe-

236 793 440 836 dunculis
459 792 707 847 calycisque
726 791 830 834 ‘tubo
851 790 1040 845 globosis
1068 791 1136 832 vel
1156 790 1295 832 ovatis
1313 788 1549 841 aciculatis,
1573 785 1741 830 laciniis
1768 785 1954 839 glandu-

235 852 344 895 losis
366 852 579 894 brevibus
606 850 800 905 pinnatis
828 850 985 893 erectis
999 880 1129 891 .....
1165 855 1201 897 5.

281 925 384 962 Hab.
404 927 446 961 in
464 924 677 961 Tuschetia
698 923 866 961 Caucasi
885 924 1090 961 orientalis
1111 935 1230 970 supra
1246 923 1411 959 Zokalto
1435 920 1666 958 5500’43000’
1685 919 1860 967 (Ruprl).

294 993 338 1048 β.
368 991 712 1045 Dayhcstanica.
730 991 955 1034 —Foliola
973 990 1313 1046 subsimpliciter
1338 991 1518 1033 serrata.

284 1065 386 1101 Hah.
406 1066 447 1100 in
468 1065 741 1110 Daghestania
758 1064 923 1101 australi
941 1064 991 1101 ad
1012 1065 1139 1100 fontes
1163 1064 1274 1100 fluvii
1298 1063 1439 1099 Samur
1460 1072 1582 1110 prope
1608 1061 1762 1098 Kussur
1790 1059 1895 1097 6700’
1914 1061 1957 1097 et

237 1114 280 1149 in
297 1114 449 1160 campis
473 1112 580 1148 Kuki
598 1123 718 1160 prope
736 1113 849 1148 Tissis
869 1112 1039 1159 (Ruprl).

284 1176 456 1212 Laciniae
475 1176 621 1221 calycis
641 1177 680 1211 in
703 1176 895 1212 fructibus
927 1175 1109 1222 equidem
1142 1175 1318 1210 nondum
1350 1173 1516 1210 maturis
1535 1173 1797 1220 persistentes,
1816 1171 1955 1208 ovaria

236 1224 286 1259 sti
317 1225 431 1266 itata;
456 1224 584 1259 affinis
602 1224 649 1260 R.
670 1223 912 1260 mollissimoe
929 1233 952 1258 a
969 1225 1047 1269 qua
1065 1222 1207 1258 ssorum
1226 1222 1356 1258 colore
1378 1221 1520 1267 differt,
1538 1221 1710 1258 varietas
1733 1222 1873 1267 praeter
1895 1218 1957 1256 fo·-

235 1271 290 1307 lio
310 1282 333 1306 a
353 1271 575 1306 uniserrata
597 1282 676 1306 non
700 1271 884 1306 distincta
904 1270 1065 1306 videtur.

400 1415 421 1433 *
472 1414 490 1432 *
543 1414 703 1460 Calycis
721 1414 877 1460 laciniae
899 1424 985 1450 sero
1005 1414 1179 1450 deciduae
1192 1444 1200 1460 ‚
1222 1415 1370 1450 fructus
1389 1414 1520 1451 discus
1538 1413 1782 1450 manifestus.

296 1508 362 1549 30.
400 1506 462 1549 R.
491 1509 834 1549 tomentosa
857 1503 965 1561 (Sm.
995 1505 1100 1548 Brit.
1130 1505 1183 1558 ΙΙ,
1212 1518 1251 1559 p.
1288 1504 1395 1560 539)
1427 1505 1552 1559 elata,
1579 1505 1712 1547 ramis
1740 1505 1952 1558 elongatis

234 1566 426 1610 arcuatis
448 1565 625 1619 glabris,
653 1566 815 1607 aculeis
844 1565 1139 1607 conformibus
1165 1578 1189 1606 a
1216 1564 1310 1606 basi
1337 1564 1513 1606 dilatata
1536 1565 1785 1618 compressa
1817 1563 1954 1608 rectis

235 1626 306 1668 vel
323 1625 612 1672 subarcuatis,
625 1623 800 1678 stipulis
816 1624 1018 1667 foliorum
1036 1624 1251 1666 floralium
1269 1623 1684 1677 elliptico·dilatatis,
1703 1623 1856 1665 foliolis
1875 1624 1952 1666 5-7

235 1684 376 1728 ovatis
391 1685 461 1726 vel
473 1683 675 1738 ellipticis
697 1683 904 1738 utrinque
916 1678 1425 1737 griseo-pubescentibus
1443 1686 1597 1736 argute
1616 1681 1952 1736 duplicato-ser-

234 1744 341 1787 ratis
361 1743 602 1786 serraturis
623 1743 908 1796 glandulosis,
936 1743 1120 1785 floribus
1149 1743 1220 1784 1-3
1239 1742 1498 1796 pedunculis
1523 1741 1762 1796 spinulosis
1788 1741 1953 1795 glabris

235 1803 429 1846 suffultis
466 1802 721 1857 majusculis
750 1802 909 1856 pallide
935 1804 1096 1855 roseis,
1129 1801 1287 1855 calycis
1314 1801 1419 1844 tubo
1446 1800 1628 1854 oblongo
1654 1801 1849 1843 setuloso
1880 1801 1950 1844 vel

234 1861 355 1905 nudo
380 1862 547 1904 laciniis
586 1861 717 1903 dorso
743 1861 1027 1914 glandulosis‚
1055 1860 1294 1916 maj0ribus
1332 1860 1601 1915 pinnatilidis
1628 1860 1803 1902 tandem
1838 1860 1955 1903 deci-

235 1921 361 1972 duis,
389 1921 508 1963 disco
536 1920 764 1970 mediocri,
797 1921 942 1963 fructu
978 1920 1347 1963 ovato-urceolam
1388 1919 1505 1962 nudo
1537 1925 1572 1967 5.
1606 1920 1660 1965 R.
1688 1917 1954 1972 subylobosa

235 1979 323 2023 Sm.
352 2005 407 2010 —
431 1981 482 2022 R.
516 1979 748 2031 cuspidata
774 1979 880 2022 Μ.Β,
911 1980 1040 2022 Taur.
1065 1978 1193 2022 Cauc.
1225 1979 1258 2031 Ι,
1281 1991 1321 2033 p.
1352 1980 1519 2022 396-
1536 1978 1587 2021 R.
1615 1977 1880 2021 Andreosltiz'
1907 1980 1953 2021 et

233 2039 285 2082 R.
316 2038 553 2092 dimorpha
578 2038 753 2081 Besser.
776 2039 894 2081 -Β,
920 2037 1065 2081 mollis
1090 2038 1252 2081 Ledeb.
1278 2038 1402 2082 Mem.
1425 2037 1499 2080 Ac.
1525 2037 1720 2080 Petersb.
1748 2037 1800 2091 V,
1829 2037 1952 2080 541⁹?

234 2098 392 2153 (forma
419 2099 601 2141 inermis
626 2102 669 2140 et
692 2102 906 2152 quantum
933 2110 986 2141 cx
1007 2097 1244 2152 specimine
1262 2099 1389 2141 unico
1417 2099 1460 2140 et
1482 2097 1621 2140 sterili
1643 2096 1764 2139 herb.
1788 2095 1948 2139 Ledeb.

237 2157 599 2222 dijudicandum).

278 2230 380 2267 Hab.
404 2231 445 2266 in
464 2231 641 2267 dumosis
671 2231 841 2277 regionis
874 2233 1074 2268 montanae
1100 2233 1138 2267 et
1157 2231 1192 2267 al
1224 2232 1322 2275 inae,
1348 2240 1464 2266 mons
1496 2229 1723 2276 Berytdagh
1750 2229 1952 2269 Cataonia}

230 2277 336 2314 8000’
357 2279 586 2324 (Hausskl),
603 2279 754 2315 Pontus
773 2278 935 2315 Lazicus
953 2279 1002 2315 ad
1021 2279 1159 2325 Djimil
1177 2279 1193 2324 [
1229 2277 1306 2324 al),
1324 2278 1472 2314 Tauria
1497 2280 1533 2313 et
1551 2288 1660 2325 prov.
1683 2277 1952 2313 Transcauca-

233 2325 326 2361 sicae
353 2325 469 2370 (ΜΒ.
488 2326 621 2371 Stev.).

286 2392 334 2447 β.
362 2391 616 2445 Ruprechti.
633 2392 819 2435 -Folia
844 2391 1075 2435 obscurius
1102 2392 1514 2446 duplicato-serrata
1545 2402 1659 2445 saepe
1693 2390 1951 2445 simpliciter

230 2454 415 2504 serrata,
444 2451 606 2505 calycis
634 2451 800 2493 laciniae
824 2452 1008 2505 integrae
1034 2452 1179 2494 rarius
1202 2452 1273 2494 -1-2
1303 2451 1567 2494 lacinulosae.

276 2524 377 2560 Hab.
397 2525 438 2561 in
452 2525 666 2562 Tuschetia
684 2525 847 2561 Caucasi
869 2524 1071 2561 orientalis
1089 2535 1210 2572 prope
1230 2523 1351 2560 Diklo
1365 2523 1510 2560 7-8000’
1528 2524 1777 2571 (Ruprecht).

279 2587 375 2624 Haec
399 2588 526 2624 forma
553 2589 800 2624 intermediis
819 2588 919 2624 mihi
946 2598 1035 2623 cuin
1061 2591 1157 2635 typo
1184 2588 1390 2635 conjuncta
1417 2587 1584 2623 videtur.
1603 2587 1757 2634 Species
1778 2586 1953 2623 differta

228 2633 572 2719 ssfffiffissgssffs
585 2637 624 2672 et
653 2633 988 2672 Vanheurckiam‘i
1004 2635 1237 2682 pedunculis
1263 2635 1478 2682 spinulosis
1505 2635 1665 2682 quidem
1695 2634 1764 2670 sed
1798 2634 1947 2681 glabris

269 2746 331 2781 Ar.
352 2744 486 2799 Qeoqr.
518 2744 678 2799 Europa
695 2745 775 2781 fere
795 2746 927 2782 omnis
955 2745 1007 2781 ab
1024 2745 1170 2791 Anglia
1190 2747 1229 2781 et
1245 2744 1511 2781 Scandinavia
1536 2744 1586 2780 ad
1606 2743 1788 2781 Rossiam
1808 2744 1946 2781 borea-

226 2792 319 2839 lem,
340 2791 537 2838 Sstnruam,
557 2793 691 2828 Africa
709 2792 891 2829 borealis.

290 2941 358 2984 31.
394 2939 454 2983 R.
479 2939 767 2984 Eoissieri
800 2939 982 2997 (Crepin
1005 2940 1172 2984 Primit.
1201 2940 1314 2985 Mon.
1342 2941 1444 2984 Ros.
1470 2953 1511 2994 p.
1536 2940 1637 2995 119)
1666 2941 1788 2992 elata,
1810 2939 1948 2982 ramis

226 2999 443 3054 elongatis
469 2999 658 3054 glabris,
685 3000 846 3043 aculeis
882 3013 905 3042 a
939 2999 1029 3042 basi
1068 3000 1243 3043 dilatata
1280 3002 1531 3054 compressa
1568 3000 1778 3053 elongatis
1812 2998 1946 3042 rectis
