2065 3236
248 206 323 244 640
1000 217 1202 245 nouem.
1765 209 1947 248 Pasica.

756 322 833 366 Tu.
852 322 885 365 I.
917 321 1290 366 AMYGDALEAE
1310 323 1430 367 Juss.

307 421 441 477 Calyx
465 423 576 466 liber
598 424 787 467 caducus
809 424 1135 479 quinquefidus.
1173 424 1365 468 Stamina
1402 437 1636 469 numerosa
1658 438 1757 470 cum
1788 428 1948 482 petalis

248 481 373 534 sauci,
394 482 602 525 nonnulla
624 483 847 526 interdum
863 483 968 526 tubo
991 484 1148 538 calycis
1165 483 1342 526 inserta.
1370 483 1577 528 Ovarium
1603 497 1815 540 superum
1836 486 1948 530 libe-

248 552 348 583 rum
375 540 641 584 uniloculare
665 542 949 585 biovulatum.
989 541 1175 586 Fructus
1198 542 1444 597 drupaceus
1465 543 1736 599 sarcocarpio
1762 556 1950 590 carnoso

251 599 317 700 vgl
343 599 550 700 ⁰?rtissoeo'
579 601 805 655 putamine
828 612 955 644 osseo
985 613 1304 657 monospermo.
1328 626 1382 632 -—
1416 601 1616 646 Frutices
1656 603 1727 646 vel
1765 604 1951 648 arbores

245 668 270 699 s
307 669 366 712 pu
386 670 409 700 a
472 691 481 700 .

698 830 912 880 PERSICA
936 831 1103 894 (Toum.
1133 831 1235 880 lust.
1263 831 1345 880 tab.
1370 832 1503 894 40⁰).

306 948 457 1002 Drupa
483 958 661 990 succosa
686 946 978 989 indehiscens.
1008 945 1221 988 Putamen
1243 946 1376 988 sulcis
1396 946 1699 1001 irregulariter
1717 949 1947 991 exaratum

247 1009 292 1050 et
315 1006 585 1049 foraminulis
609 1008 853 1060 pertusum.
871 1029 925 1036 —
949 1004 1096 1048 Arbor
1119 1004 1233 1047 foliis
1254 1005 1523 1049 aestivatione
1541 1006 1869 1062 conduplicatis.

312 1166 348 1208 1.
371 1164 428 1208 Ρ.
452 1161 728 1219 vulgaris
765 1161 888 1217 (Mill.
919 1162 1028 1205 Dict.
1056 1161 1132 1216 ΙΙΙ,
1158 1174 1199 1216 p.
1230 1161 1351 1217 465),
1383 1161 1495 1205 foliis
1515 1162 1828 1218 hystcranthiis
1849 1164 1954 1207 bre·—

250 1226 364 1269 viter
386 1222 602 1278 petiolatis
624 1221 874 1264 lanceolatis
900 1223 1053 1275 argute
1079 1221 1275 1273 serratis,
1318 1221 1502 1264 floribus
1535 1222 1848 1267 subsessilihus
1880 1235 1952 1267 so-

247 1284 389 1327 litaris
412 1283 483 1325 vel
508 1280 691 1336 geminis
718 1279 972 1335 purpureis,
990 1280 1130 1334 drupa
1143 1281 1386 1323 tomentosa
1406 1283 1442 1331 5.
1467 1280 1740 1336 Amyydalus
1766 1281 1951 1325 Persica

247 1342 295 1386 L.
324 1342 399 1396 Sp.
424 1342 522 1384 677.

295 1415 397 1451 Hah.
413 1414 455 1450 in
473 1412 677 1461 provincia
693 1411 848 1466 Ghilan.
861 1411 1003 1448 Persiae
1019 1412 1101 1448 bor.
1119 1411 1305 1466 (thssffl)
1332 1413 1383 1466 et·
1395 1412 1446 1448 ad
1468 1412 1638 1450 Aschref
1648 1424 1762 1469 prov.
1789 1414 1951 1450 Astera·

247 1463 328 1499 bad
346 1462 445 1508 (Bge
457 1462 495 1506 1),
513 1461 554 1496 in
572 1461 878 1496 Transcaucasxa
894 1459 1094 1505 (Ledeb!);
1124 1459 1204 1505 legi
1220 1469 1261 1494 m
1285 1459 1464 1496 faucibus
1482 1460 1660 1508 Hymetti
1689 1471 1808 1509 prope
1825 1461 1950 1498 Athe-

248 1520 321 1547 nas
332 1510 399 1546 sed
417 1518 498 1544 non
515 1507 571 1544 ibi
589 1518 681 1544 vere
703 1509 919 1554 spontanea
935 1509 1003 1542 est.
1021 1506 1077 1542 Fl.
1095 1506 1206 1542 Mart.

763 1671 1059 1720 AMYGDALUS
1080 1672 1145 1731 (L.
1177 1672 1275 1720 Gen.
1308 1670 1427 1733 619).

308 1788 460 1843 Drupa
485 1801 668 1833 exsucca
689 1790 939 1833 maturitate
956 1788 1241 1831 subbivalvis.
1261 1789 1473 1831 Putamen
1490 1789 1598 1832 laeve
1623 1790 1692 1833 vel
1718 1802 1948 1846 rugosum,

247 1859 363 1901 saepe
385 1848 749 1892 foraminulatum.
774 1874 828 1879 —-
854 1848 1052 1892 Frutices
1069 1848 1138 1890 vel
1154 1846 1399 1891 arbusculae
1419 1848 1532 1891 foliis
1551 1849 1820 1893 aestivatione
1842 1862 1947 1894 con-

249 1906 499 1960 duplicatis,
535 1909 667 1951 flores
703 1907 991 1960 subsessiles,
1032 1907 1229 1961 pedicelli
1253 1907 1463 1951 fructiferi
1501 1907 1754 1951 brevissimi
1791 1910 1943 1952 crassi.

248 1964 423 2019 Species
458 1968 676 2010 nonnullae
702 1967 756 2010 ob
792 1967 1027 2022 specimina
1051 1967 1098 2009 in
1131 1966 1345 2009 herbariis
1378 1978 1493 2021 saepe
1533 1979 1685 2010 manca
1724 1979 1804 2012 nec
1839 1968 1949 2012 satis

248 2036 483 2067 numerosa
499 2026 756 2080 incomplete
783 2029 906 2069 notae.

244 2184 269 2240 ἓ
294 2185 329 2226 1.
348 2209 404 2214 -
439 2181 799 2239 Spartioidei
838 2181 976 2237 Spach
1007 2182 1120 2225 Ann.
1160 2181 1225 2225 Sc.
1255 2181 1352 2224 Nat.
1379 2181 1471 2225 Ser.
1500 2182 1561 2236 II,
1589 2185 1667 2237 19,
1689 2196 1730 2239 p.
1762 2185 1857 2228 107.
1885 2210 1945 2216 —-

423 2242 590 2297 Calycis
626 2242 758 2285 tubus
800 2242 1141 2296 campanulatus.
1183 2241 1376 2285 Stamina
1403 2242 1537 2284 20-30
1568 2243 1681 2286 sauci
1717 2243 1798 2286 vel*
1815 2244 1950 2298 paulo

423 2302 537 2344 infra
572 2303 738 2345 faucem
774 2302 938 2344 inserta
973 2301 1114 2343 omnia
1146 2303 1331 2344 exserta.
1369 2300 1567 2344 Frutices
1589 2301 1794 2355 inermes,
1836 2303 1947 2346 rami

427 2361 582 2415 virgati
613 2360 865 2415 spartioidei
890 2360 1022 2403 erecti
1044 2360 1224 2402 ramulis
1244 2359 1508 2414 genmiparis
1533 2359 1686 2404 orbati.
1721 2361 1842 2409 Folia
1867 2362 1947 2417 hy-

426 2420 667 2463 steranthia
693 2431 717 2462 e
741 2419 874 2462 ramis
892 2410 1134 2461 hornofinis
1155 2419 1340 2461 oriunda
1362 2431 1527 2473 sparsa.

310 2566 345 2607 1.
374 2564 437 2608 A.
462 2562 717 2608 Arabica
739 2561 871 2617 (oliv.
900 2560 1005 2615 Voy.
1031 2560 1106 2614 ΙΙΙ,
1133 2573 1174 2615 p.
1208 2561 1308 2613 460,
1330 2561 1415 2603 tab.
1438 2560 1515 2615 47)
1548 2561 1834 2614 glaberrima‚
1876 2573 1948 2604 ra-

246 2624 328 2666 mis
354 2623 588 2676 angulosis,
614 2621 725 2664 foliis
757 2620 1202 2674 oblongo-linearibus
1236 2620 1405 2663 obtusis
1437 2620 1624 2662 crenatis
1659 2620 1704 2662 in
1735 2620 1945 2675 petiolum

245 2683 554 2725 brevissimum
583 2680 830 2731 attenuatis,
867 2679 1021 2734 drupis
1047 2679 1448 2733 incano-puberulis
1473 2679 1813 2732 ovato-globosis
1849 2691 1948 2721 mu-

246 2741 449 2793 cronatis,
472 2742 693 2795 putamine
711 2739 927 2782 ecarinato
946 2739 1140 2792 laevigato
1167 2738 1240 2780 vix
1264 2749 1515 2793 compresso
1532 2750 1619 2781 non
1639 2737 1946 2781 foraminulato

245 2808 281 2850 ὁ.
304 2800 429 2843 Jaub.
457 2803 500 2842 et
526 2799 677 2853 Spach.
703 2798 866 2841 Illustr.
894 2797 968 2841 Or.
999 2797 1074 2848 ΙΙΙ,
1099 2797 1185 2840 tab.
1212 2798 1296 2839 226
1320 2797 1366 2839 B.

292 2874 390 2909 Hab.
410 2874 451 2909 in
469 2874 620 2909 deserto
638 2872 805 2909 Arabico
823 2871 873 2907 ad
892 2871 1133 2919 Euphratem
1159 2880 1280 2918 prope
1305 2871 1420 2906 Anah
1437 2870 1589 2917 (Olim.

292 2937 435 2973 Frutex
460 2936 526 2972 2-3
544 2936 706 2982 pedalis.
732 2935 795 2970 Ab
824 2934 1010 2971 omnibus
1043 2933 1245 2982 putamine
1273 2935 1410 2971 ventre
1442 2944 1522 2971 non
1544 2935 1721 2970 carinato
1750 2934 1943 2972 distincta.

245 2984 381 3032 Drupa
404 2984 563 3029 magnit.
583 2983 712 3019 nuclei
729 2982 876 3019 Gerasi.
