2015 3227
158 183 321 220 Carum.
847 194 1152 220 UMBELLlFERAE.
1783 189 1854 225 887

158 265 398 307 dichotomo
427 265 559 307 ramis
584 265 791 306 flexuosis
819 266 1102 318 corymbosis,
1140 266 1251 309 soliis
1287 267 1502 320 petiolatis
1529 268 1690 311 ambitu
1716 271 1855 311 ovatis

156 324 200 365 in
221 325 396 366 lacinias
413 325 598 366 lineares
615 323 834 374 elongatas
860 325 1111 366 carnosulus
1137 326 1428 367 arntiuscnlas
1462 327 1634 368 strictas
1663 327 1859 381 bipinna-

156 383 336 433 timetis,
362 383 638 436 superiorum
662 382 827 423 laciniis
855 385 927 423 3-5
955 388 1136 435 anguste
1164 384 1401 426 linearibus
1426 387 1489 426 vel
1522 386 1664 436 nullis,
1691 387 1854 429 umbel-

155 441 209 483 lis
235 442 503 495 longiuscule
528 441 819 492 5-7-1·aslialis,
850 442 1071 483 involucro
1105 443 1299 485 breviter
1333 444 1607 497 monopbyllo
1632 446 1695 487 vel
1721 446 1854 496 nullo,

155 499 402 542 involncelli
430 499 588 554 phyllis
626 501 698 541 5-7
733 499 981 541 lanceolatis
1012 501 1396 554 albo-marginatis,
1429 503 1647 556 pedicellis
1676 505 1852 556 angulo-

155 559 215 601 sis
244 559 558 601 subcontractis
597 560 783 601 fructum
819 560 1049 611 oblongum
1076 572 1190 614 saepo
1210 562 1552 614 glaucescentem
1575 563 1848 616 militantibus

154 618 221 659 vel
251 618 685 672 sesquilongioribus,
708 617 825 671 jugis
859 618 1133 660 illisormibus
1162 620 1330 671 albidis,
1366 620 1490 673 stylis
1513 621 1693 663 deflexis
1719 623 1850 675 stylo-

152 677 279 730 podio
315 677 524 731 depresso
566 676 833 729 longioribus
867 683 925 723 26.
952 701 1002 706 -
1033 675 1082 718 B.
1107 677 1445 730 ylaueocarpum
1485 679 1622 721 Boias.
1663 681 1738 722 loc.
1778 682 1847 722 cil.

150 736 300 849 p—4B1.1
317 735 537 777 Cil'e’ce‘eum
570 736 697 777 Fenzl
738 736 781 776 in
824 735 975 777 Sched.
1021 737 1076 789 pl.
1117 737 1195 790 Ky.
1233 736 1388 791 (1853)
1425 740 1466 780 et
1508 739 1652 780 Tchih.
1685 739 1789 793 Voy.
1820 740 1848 782 l.

198 869 298 904 Hab.
321 869 360 903 in
380 870 576 904 montanis
596 871 633 904 et
650 869 793 915 alpinis
822 869 952 915 Lyeiae
983 881 1098 915 supra
1131 870 1286 905 Elmalu
1316 871 1436 914 (Pestl
1461 871 1602 918 Bourg.
1631 883 1706 907 exs.
1730 874 1846 915 1132).

148 915 269 951 Tauri
299 916 443 952 Cilicioi
474 916 539 951 alt.
567 916 794 952 ormo-000&
827 917 924 962 (Ky!
957 917 1075 959 Ball).
1109 917 1248 952 Libani
1276 918 1312 952 in
1342 929 1497 953 summo
1529 923 1659 955 monte
1697 922 1845 958 sannin

146 963 326 1044 gilhrenb
341 965 380 1008 l),
402 963 452 999 ad
470 963 615 999 Cedros
634 964 765 1008 (Boiss
778 965 814 1009 ἱ),
833 964 881 999 ad
900 964 1028 1000 Hadet
1044 963 1154 1009 (Eli),
1183 965 1403 1000 Antilibani
1435 966 1474 1000 in
1509 966 1701 1002 Hermone
1720 969 1844 1014 (Kyl).

197 1039 202 1045 .
223 1014 302 1045 aest.

195 1065 329 1100 Variat
347 1064 485 1111 pedale
504 1067 541 1100 et
560 1066 600 1100 in
620 1065 762 1112 alpinis
782 1065 1026 1112 tripollicare.
1058 1065 1094 1101 C.
1126 1071 1360 1102 montanum
1380 1067 1485 1103 Koch
1513 1079 1537 1102 a
1565 1071 1697 1104 nostro
1716 1069 1841 1104 differt

145 1111 327 1147 foliorum
360 1112 511 1148 laciniis
537 1113 780 1148 tenuioribus
811 1113 1058 1148 brevioribus
1087 1113 1339 1157 acutioribus,
1364 1115 1566 1151 involucro
1593 1116 1842 1162 polyphyllo.

146 1159 345 1205 pedieellis
365 1159 608 1204 longioribus
629 1161 796 1195 fructum
816 1161 1074 1206 aequantibus.
1095 1159 1141 1195 Β.
1156 1160 1284 1196 nivale
1302 1161 1425 1197 Boiss.
1444 1173 1467 1197 a
1489 1163 1533 1198 cl.
1553 1163 1668 1198 Fenzl
1691 1174 1777 1198 eum
1798 1174 1842 1198 eo

147 1208 394 1252 conjunctum
413 1207 598 1242 foliorum
616 1207 768 1242 laciniis
789 1208 923 1254 paucis
942 1208 1083 1243 teneris
1102 1208 1285 1253 oblongis
1304 1210 1464 1244 omnino
1487 1210 1658 1245 alienum
1679 1215 1746 1245 est.

207 1339 274 1379 ΞΟ.
310 1338 364 1381 C.
394 1337 673 1380 strictum
699 1336 888 1392 (GrIseb.
914 1337 1059 1392 Spicil.
1087 1338 1118 1390 Ι,
1143 1351 1182 1392 p.
1207 1339 1292 1380 344
1320 1339 1401 1382 sub
1427 1339 1595 1395 Busnio)
1630 1343 1843 1395 glabrum.

145 1397 265 1439 caule
285 1397 395 1439 elato
417 1396 568 1438 stricto
596 1409 787 1451 superne
807 1398 1052 1439 alternatim
1075 1409 1260 1450 ramoso,
1294 1397 1405 1440 foliis
1421 1430 1547 1440 .....
1561 1434 1569 1452 ,
1606 1402 1842 1454 superiori-

143 1455 225 1497 bus
249 1455 302 1497 ad
326 1456 501 1508 vaginas
537 1456 1001 1509 oblongo-lanceolatas
1043 1457 1211 1510 patulas
1247 1457 1439 1500 reductis
1481 1459 1549 1501 vel
1584 1459 1628 1501 in
1664 1460 1842 1502 limbum

143 1514 321 1556 brevem
350 1514 682 1568 pinnatisectum
720 1515 955 1568 segmentis
998 1515 1237 1557 linearibus
1276 1516 1538 1560 distantibus
1564 1518 1841 1563 abeuntibus.

141 1573 344 1615 umbellis
367 1573 560 1615 breviter
589 1574 931 1625 10-13-radiatis‚
958 1575 1172 1617 involucri
1195 1578 1237 1616 et
1258 1575 1503 1618 involucelli
1532 1578 1693 1631 phyllis
1720 1578 1840 1632 poly—

141 1632 300 1686 phyllis
324 1632 667 1686 ovato-oblongis
694 1633 831 1675 acutis
868 1634 1060 1687 margine
1097 1634 1451 1685 membranaceis,
1488 1636 1708 1690 pedicellis
1740 1649 1839 1678 con-

140 1691 290 1732 tractis
313 1692 455 1733 fructu
478 1692 872 1746 elliptico-oblongo
899 1693 1189 1743 brevioribus,
1213 1694 1328 1747 Jugis
1362 1694 1634 1738 filiformibus
1667 1695 1835 1747 albidis,

141 1750 268 1803 stylis
295 1750 475 1792 deflexis
503 1750 746 1805 stylopodio
773 1751 967 1793 breviter
987 1752 1131 1794 conico
1157 1753 1424 1806 longioribus
1460 1760 1517 1801 26.

187 1824 288 1860 Hab.
307 1825 348 1859 in
366 1824 593 1860 Macedonia
611 1824 761 1869 (Friv.).
785 1824 890 1869 (Vidi
911 1827 1064 1860 tantum
1084 1825 1343 1861 umbellulam
1360 1826 1527 1872 fruetis.)

187 1879 343 1915 Tubera
362 1879 519 1924 gemina
537 1879 699 1925 globosa
731 1879 978 1925 superposita
1007 1880 1047 1914 in
1073 1880 1241 1915 radicem
1267 1881 1564 1917 descendentem
1592 1882 1725 1917 subito
1746 1893 1835 1918 eon—

139 1927 274 1971 tracta,
292 1927 417 1962 caulis
436 1927 454 1961 1
477 1926 729 1973 ¹l2-Q-pedalis
748 1926 918 1971 striatas,
935 1927 1035 1961 radii
1056 1926 1120 1962 6-8
1145 1927 1266 1962 lineas
1289 1927 1409 1973 longi,
1438 1928 1665 1964 umbellulae
1684 1929 1758 1964 sub
1774 1930 1836 1965 20-

140 1973 255 2017 florae,
275 1973 405 2020 petali
423 1984 469 2009 ex
488 1974 639 2010 Griseb.
660 1974 761 2017 alba,
781 1973 928 2008 fruetus
947 1976 1124 2009 maturus
1155 1975 1174 2009 1
1206 1975 1247 2018 Ἃ
1274 1974 1340 2010 lin.
1362 1975 1516 2021 longus,
1535 1976 1738 2012 valleculae
1754 1976 1834 2012 2-3-

138 2020 300 2055 vittatae.
319 2021 471 2067 Species
489 2032 536 2056 ex
556 2021 765 2067 specimine
783 2021 897 2056 unico
916 2021 1149 2067 incompleto
1168 2022 1269 2057 male
1289 2024 1392 2067 nota,
1410 2034 1432 2058 a
1449 2021 1495 2059 B.
1515 2021 1759 2061 Pestalozzae
1776 2025 1834 2058 in—

137 2067 307 2104 volucris
327 2068 571 2115 polyphyllis
589 2069 783 2103 distincta.

196 2198 215 2215 ²
265 2198 283 2216 ¹¹
332 2199 560 2246 Stylopodia
579 2200 911 2245 elongato-conica
929 2199 992 2235 vel
1010 2200 1194 2236 subulata
1211 2200 1251 2235 in
1271 2200 1395 2246 stylos
1414 2200 1560 2245 rigidos
1578 2200 1774 2235 abeuntia.

196 2282 263 2322 021.
289 2281 342 2324 C.
362 2281 744 2335 cornigerum
769 2280 928 2335 (Boiss.
951 2284 994 2323 et
1014 2281 1224 2327 Hanssk.)
1243 2281 1454 2334 glabrum,
1478 2281 1619 2322 radice
1639 2281 1830 2333 globosa,

135 2340 257 2381 caule
297 2341 407 2381 elato
455 2340 745 2382 crassiusculo
785 2341 1175 2392 {iugulato-sulcato
1216 2340 1454 2383 dichotonie
1499 2353 1681 2392 ramoso,
1719 2340 1832 2381 foliis

135 2399 299 2440 ambitu
322 2399 460 2441 ovatis
502 2399 847 2452 bipinnatisectis
884 2399 1116 2452 segmentis
1155 2399 1199 2440 in
1238 2399 1412 2441 lacinias
1441 2399 1832 2452 oblongo-lineares

134 2457 438 2500 obtusissimas
481 2458 766 2500 decurrentes
809 2457 1068 2500 divaricatas
1111 2458 1281 2511 partitis
1328 2459 1395 2500 vel
1441 2458 1582 2505 seclis,
1630 2458 1829 2499 umbellis

130 2516 256 2569 longe
297 2517 570 2558 &ei-radians
615 2516 749 2558 radiis
789 2517 1018 2569 angulatis,
1060 2517 1272 2559 involucri
1315 2520 1354 2558 et
1392 2517 1637 2559 involucelli
1664 2517 1825 2569 phyllis

131 2574 473 2617 membranaceis
507 2576 754 2618 lanceolatis
792 2576 1045 2617 acuminatis
1072 2576 1156 2618 illis
1183 2588 1297 2629 szepe
1330 2576 1475 2627 nullis,
1512 2575 1732 2628 pedicellis
1765 2575 1827 2616 in-

133 2634 339 2675 crassat-is
363 2634 507 2677 fructu
541 2634 972 2688 lineari-prismatico
1011 2635 1145 2676 multo
1175 2634 1463 2685 brevioribus,
1503 2634 1659 2687 calycis
1696 2633 1828 2674 limbo

132 2693 444 2745 marginiformi
471 2693 744 2746 subdentato,
767 2693 882 2747 jugis
909 2692 1088 2746 argutis,
1117 2693 1373 2747 stylopodiis
1394 2693 1608 2735 subulatis
1633 2692 1762 2734 rectis
1784 2691 1828 2733 in

132 2751 268 2804 stylos
289 2751 438 2804 longos
462 2752 722 2794 abeuntibus
761 2759 821 2800 36.

178 2816 278 2851 Hab.
298 2817 338 2851 in
358 2820 487 2853 monte
508 2818 574 2853 Pir
590 2817 709 2853 Omar
727 2818 894 2853 Gudrun
917 2818 1176 2853 lx'urdistaniae
1195 2819 1365 2854 ancieae
1384 2817 1449 2852 alt.
1467 2816 1570 2853 50o0’
1601 2816 1826 2861 (Hausskl).

178 2871 316 2907 Planta
347 2874 595 2920 1-2-pedalis,
627 2874 725 2909 radii
759 2874 819 2909 1-1
852 2873 1139 2919 ¹s2-pollicares‚
1169 2874 1315 2909 fructus
1349 2874 1455 2919 apice
1488 2872 1652 2907 truncati
1672 2872 1824 2918 absque

131 2918 354 2971 stylopodio
372 2920 395 2955 2
411 2920 480 2956 lin⁴
503 2920 621 2966 longi.
642 2920 939 2967 Carpophorum
957 2920 1194 2968 bipartitum.
1214 2920 1410 2956 Albumen
1425 2919 1519 2955 faeie
1535 2919 1823 2954 eommissurali

126 2964 417 3011 planissimum.
