2085 3231
225 197 274 233 90
937 203 1216 230 LEGUMINOSAE.
1691 193 1930 241 Triqonelca.

275 277 318 311 In
336 275 617 322 speciminibus
639 274 760 310 cultis
772 273 891 319 hujus
919 274 1121 309 varietatis
1146 276 1185 310 ct
1211 274 1462 321 praeccdentis
1489 274 1725 310 characteres
1749 274 1932 310 differen-

226 323 340 359 tiales
366 332 444 358 non
462 325 523 358 sat
540 322 643 357 firmi
664 332 727 356 me
744 321 957 357 docuerunt
975 331 1042 356 eas
1064 321 1193 368 aptius
1217 321 1268 356 ad
1293 319 1332 356 T.
1350 321 1617 366 ,qlomeratam
1636 322 1932 367 conjungendas

228 381 325 407 esse.

805 523 826 577 ἓ
852 524 916 565 11.
948 546 1001 554 -
1035 523 1372 567 Pectinatae.

287 668 354 708 65.
389 663 729 723 T.-Arabica
763 663 923 718 (Delile
959 663 1004 705 in
1039 663 1236 707 Laborde
1277 664 1407 707 Arab.
1446 665 1578 718 Petr.,
1603 679 1643 719 p.
1678 668 1748 718 86,
1781 667 1850 721 fig.
1880 667 1931 723 ὃ)

228 724 534 778 glabriuscula‚
553 722 750 765 caulibus
781 723 1117 766 ascendentibus
1148 724 1347 775 ramosis,
1377 724 1550 778 stipulis
1577 726 1723 780 parvis
1746 726 1937 780 pinnati-

227 784 340 834 fidis,
362 782 520 826 foliolis
542 781 991 824 cuneato-obcordatis
1010 781 1128 836 apice
1150 794 1302 835 grosse
1321 782 1596 826 denticulatis
1622 785 1691 826 vel
1709 785 1930 839 repandis,

227 842 488 897 pedunculis
506 841 604 882 folio
624 839 978 893 sublongioribus
1005 840 1358 884 subumhellatim
1377 841 1609 894 3⁹8—ssoris,
1644 844 1800 898 calycis
1826 844 1934 886 den-—

226 902 344 944 tibus
396 899 735 953 triangularibus
791 899 895 941 tubo
941 899 1158 954 subdupla
1205 899 1481 942 brevioribus
1498 934 1508 953 ,
1561 903 1719 945 corolla
1768 903 1928 957 pallide

228 960 482 1002 ocbroleuca
512 959 653 1012 calyce
679 958 845 1011 3—4-plo
872 958 1093 1012 longiore,
1116 958 1330 1012 legumine
1357 958 1505 1012 glabro
1526 960 1652 1013 plano
1674 962 1828 1004 lineari
1853 962 1933 1004 fal-

229 1022 320 1061 cato
349 1018 649 1062 obtusiusculo
675 1017 973 1060 mucronulato
997 1020 1249 1060 transverse
1273 1020 1315 1060 et
1334 1017 1540 1071 parallele
1566 1020 1930 1063 nervoso-striato

228 1078 281 1120 ad
304 1081 503 1120 suturam
533 1079 761 1129 utramque
786 1076 971 1130 spinulis
1000 1088 1022 1119 e
1047 1077 1141 1119 basi
1168 1077 1339 1119 dilatata
1367 1077 1567 1130 contigua
1589 1079 1810 1122 subulatis.
1836 1080 1929 1121 1-2-

225 1136 457 1180 serialibus
493 1135 762 1189 simplicibus
801 1135 877 1177 vel.
901 1135 1047 1178 bifidis
1083 1136 1336 1189 marginato,
1365 1135 1605 1190 seminibus
1645 1138 1834 1181 tenuiter
1858 1140 1930 1181 tu-

225 1195 460 1238 bet‘culatis
491 1199 555 1245 Θ.
592 1193 802 1236 Poeorln'a
839 1192 1030 1236 Arabica
1066 1194 1205 1237 Boiss.
1241 1195 1391 1249 Diagn.
1427 1193 1582 1254 δεῖ-..1,
1605 1196 1655 1249 9,
1690 1208 1731 1252 p.
1769 1197 1835 1247 13.
1873 1221 1926 1228 ——

228 1253 476 1307 Tr'e'yonella
493 1255 648 1306 pecten
675 1252 844 1295 Schenk
873 1253 929 1306 pl.
957 1253 1077 1307 Spee.
1105 1267 1148 1306 p.
1174 1254 1241 1295 37.

274 1336 373 1379 Hab,
391 1336 431 1370 in
452 1335 626 1370 arenosis
644 1335 801 1371 Arabiae
818 1336 977 1375 Petreae,
995 1335 1036 1370 in
1051 1336 1226 1372 vallibus
1245 1335 1440 1374 Sinaiticis
1454 1337 1567 1383 (Lab.
1588 1338 1703 1374 Boiss
1717 1340 1742 1383 1)
1760 1338 1810 1374 ad
1828 1339 1930 1375 fines

226 1384 438 1421 Palestinae
457 1382 507 1418 ad
526 1382 729 1418 meridiem
748 1383 866 1418 Gazae
886 1383 1018 1428 (Boiss
1031 1385 1065 1429 !).
1082 1383 1138 1418 Fl.
1157 1385 1250 1430 Apr.

272 1457 407 1492 Flores
428 1455 641 1501 majusculi
666 1455 690 1490 4
719 1455 842 1491 lineas
869 1455 989 1501 longi,
1006 1455 1189 1502 legumen
1208 1455 1397 1503 pollicere
1420 1458 1444 1495 2
1468 1458 1508 1503 ¹s2
1527 1457 1651 1495 lineas
1680 1459 1807 1495 latum
1825 1459 1919 1495 ciliis

224 1503 512 1549 marginalibus
529 1502 645 1538 lineae
673 1502 714 1547 Ἃ
734 1503 873 1548 longis.

285 1656 353 1697 66.
387 1655 442 1697 Τ.
475 1653 697 1708 plicata
724 1653 882 1708 (Boiss.
910 1658 953 1697 et
985 1654 1073 1696 Bal.
1113 1654 1263 1708 Diagn.
1299 1654 1393 1700 Ser.
1428 1655 1554 1708 11‚5‚
1585 1653 1667 1697 sub
1693 1652 1929 1709 Pococlcz’d)

223 1714 577 1768 adpressiuseule
617 1713 876 1766 pubescens,
915 1714 1110 1756 caulibus
1152 1713 1502 1767 ascendentibus,
1543 1713 1714 1768 stipulis
1748 1712 1930 1755 semisa-

222 1774 385 1827 gittatis
407 1772 498 1814 basi
518 1772 807 1823 subdentatis,
830 1772 985 1814 foliolis
1008 1773 1456 1818 cuneato-obcordatis
1488 1773 1606 1826 apice
1635 1771 1923 1825 denticulatis,

220 1832 479 1887 pedunculis
503 1831 601 1874 folio
628 1831 981 1883 sublongioribus
1009 1832 1362 1874 subumbellatim
1395 1831 1639 1884 3ss5-ssoris,
1665 1831 1823 1883 calycis
1851 1838 1923 1874 co-

221 1892 330 1934 rolla
353 1891 481 1933 tertia
508 1894 628 1944 parte
655 1890 870 1933 brevioris
898 1891 1061 1933 laciniis
1086 1891 1332 1933 lanceolatis
1353 1893 1459 1934 tubo
1483 1890 1702 1944 subduplo
1720 1890 1919 1944 longiori-

218 1951 316 2001 bus,
342 1950 558 2003 legumine
584 1950 794 2003 adpresse
822 1950 936 1992 hirto
964 1950 1089 2003 plano
1128 1950 1281 1992 lineari
1315 1951 1464 1993 falcato
1501 1950 1656 1993 obtuso
1680 1953 1723 1991 et
1746 1949 1919 2002 oblique

217 2012 469 2052 mucronato
506 2012 758 2050 transverse
799 2012 842 2051 et
882 2009 1086 2062 parallele
1121 2009 1481 2052 nervoso-striato
1514 2012 1557 2051 et
1577 2009 1760 2062 insuper
1795 2008 1922 2062 plicis

219 2069 294 2110 3-4
333 2068 602 2111 transversis
634 2068 814 2110 elevatis
850 2067 896 2109 in
933 2069 1121 2122 utraque
1144 2068 1300 2122 pagina
1335 2068 1652 2111 alternantibus
1675 2068 1831 2117 obsito,
1864 2067 1921 2109 ad

218 2131 419 2171 suturam
447 2131 675 2180 utramque
704 2127 934 2170 denticulis
962 2128 1070 2170 albis
1098 2128 1281 2170 ramosis
1310 2127 1465 2171 cibatis
1491 2127 1719 2182 pectinato‚
1746 2126 1928 2169 semini—

220 2187 303 2229 bus
330 2187 524 2230 obsolete
550 2185 837 2229 tuberculatis
864 2186 926 2234 Ε).

267 2269 368 2304 Hab.
386 2269 425 2302 iu
444 2267 610 2303 collibus
635 2268 805 2312 regionis
834 2268 1054 2315 subalpinae
1073 2268 1332 2315 Cappadociae
1361 2267 1630 2304 meridionalis
1657 2277 1776 2313 prope
1805 2266 1928 2303 Bere—

218 2315 335 2407 ἓξὲξ-ξ
348 2316 413 2398 agl
441 2314 552 2397 3300!
581 2317 619 2350 et
646 2316 686 2350 in
714 2315 852 2350 Cilicia.
868 2315 1109 2351 contermina
1127 2315 1175 2351 ad
1207 2315 1312 2363 ripas
1342 2317 1574 2351 torrentium
1603 2325 1724 2362 prope
1748 2314 1924 2350 Mersina

272 2374 294 2398 a
339 2390 345 2398 .
419 2390 425 2396 .
493 2373 540 2397 ai.

267 2432 411 2469 Caules
431 2432 737 2477 3-6-pollieares,
760 2432 874 2468 ssores
898 2432 1122 2478 mediocres,
1145 2433 1324 2480 legumen
1341 2433 1405 2469 7-9
1423 2433 1547 2469 lineas
1573 2432 1735 2477 longum
1757 2433 1780 2468 2
1805 2432 1845 2476 ¹l2
1864 2431 1926 2467 la—

217 2483 302 2516 tum
320 2481 446 2515 somna
466 2481 539 2515 sua
567 2478 606 2514 T.
625 2479 847 2516 Arabicam
864 2478 1031 2515 referens
1051 2491 1075 2515 a
1094 2483 1172 2526 qua
1187 2483 1319 2516 nostra
1334 2474 1482 2528 species
1494 2479 1624 2515 differt
1639 2479 1804 2525 stipulis,
1819 2479 1928 2515 flori-

217 2528 292 2563 bus
312 2526 532 2562 minoribus
556 2526 684 2571 luteis,
709 2527 853 2572 calycis
880 2527 1032 2562 laciniis
1061 2527 1265 2575 elongatis,
1284 2528 1496 2574 leguminis
1518 2526 1653 2574 plicati
1670 2528 1816 2562 suturis
1836 2527 1928 2563 bre—

217 2576 320 2611 viter
337 2573 584 2610 denticulatis
602 2575 672 2609 nec
689 2574 805 2619 longe
823 2574 1050 2622 spinulosis.

277 2728 346 2770 67.
366 2727 422 2770 T.
450 2726 689 2772 radiata
713 2728 779 2785 (L.
803 2729 875 2784 Sp.
909 2728 1017 2772 1096
1036 2730 1118 2773 sub
1142 2729 1428 2785 Medicayine)
1449 2731 1659 2785 adpresse
1675 2732 1926 2785 pubescens

216 2789 450 2840 prostrata,
476 2787 649 2840 stipulis
679 2789 1005 2842 seniisagittatis
1026 2789 1122 2832 basi
1147 2789 1514 2837 inciso-dentatis,
1540 2789 1695 2833 foliolis
1717 2791 1923 2833 obovato·

218 2845 413 2898 oblongis
440 2858 631 2899 superne
670 2847 872 2900 dentatis,
901 2848 1160 2902 pedunculis
1193 2848 1412 2890 1-2-ssoris
1444 2849 1541 2892 folio
1565 2849 1924 2904 subaequilongis,

216 2905 374 2957 calycis
414 2906 573 2947 corolla
608 2905 784 2948 dimidio
819 2907 1035 2949 brevioris
1074 2907 1241 2950 laciniis
1277 2908 1525 2953 lanceolatis
1562 2909 1666 2959 tubo
1702 2908 1925 2962 subaequi-

217 2963 371 3017 longis,
396 2964 613 3016 legumine
638 2965 751 3007 hirto
778 2967 847 3007 vel
874 2966 1021 3019 glabro
1048 2967 1176 3020 plano
1202 2967 1355 3009 lineari
1382 2967 1656 3011 uniformiter
1682 2968 1726 3009 in
1749 2968 1918 3022 cyclum
