2015 3227
148 228 340 276 Bryom'a.
825 236 1157 262 CUCURBITACEAE.
1779 229 1847 264 761

149 309 298 363 paucis
322 307 590 362 corymbosis
616 306 687 349 vel
713 307 1018 360 subsolitariis,
1043 307 1260 360 calycibus
1293 308 1503 351 faemineis
1531 309 1689 351 corolla
1717 309 1850 363 duplo

149 367 437 417 brevioribus,
460 368 572 421 stylo
595 378 683 408 non
708 370 896 415 exserto,
931 366 1202 420 stigmatibus
1229 369 1411 421 asperis,
1439 368 1577 410 baccis
1608 368 1756 410 rubris
1791 373 1847 414 26.

151 426 205 468 Ic.
229 427 289 468 Fl.
316 425 449 468 Graec.
478 426 562 467 tab.
591 427 688 468 940.
712 450 766 454 ——
788 426 905 467 Dess.
933 424 1085 467 Coroll.
1113 426 1198 467 tab.
1227 428 1292 468 70.

196 500 297 535 Hah.
316 500 358 534 in
377 500 491 535 Creta
507 499 557 535 ad
579 510 688 545 sepes
708 499 918 542 (Tournef..
945 499 1103 544 Heldrt)
1137 500 1177 534 in
1204 500 1449 546 rupestribus
1466 501 1662 537 umbrosis
1680 502 1852 538 Akrotiri

146 550 186 583 et
203 547 360 582 Malaxa
378 547 494 592 (Rani
507 549 543 592 l),
565 547 695 582 insula
713 546 836 581 Melos
857 546 995 591 (Urv.)‚
1014 546 1150 582 Rhodo
1169 547 1318 593 (Bourg
1328 550 1363 592 1).

196 611 256 647 Ex
273 611 318 646 cl.
339 611 495 647 Naudin
513 623 535 647 a
554 610 601 647 Β.
620 609 748 648 01ίοίοιῖ
767 611 870 647 foliis
889 613 1014 657 magis
1033 613 1154 647 firmis
1173 615 1210 648 et
1227 614 1385 659 asperis,
1410 615 1460 650 ad
1479 625 1619 651 nervos
1638 626 1852 651 marmora-

148 659 210 705 tis,
228 659 418 694 fructibus
450 659 699 705 paucioribus
728 662 816 693 ante
846 661 1111 695 maturitatem
1140 662 1386 696 marmoratis
1419 664 1571 697 tantum
1604 663 1786 698 distincta
1816 665 1854 698 et

149 706 279 788 {oi-san
301 706 578 788 ejusdvaikietas.
595 706 708 741 Culta
722 706 859 742 faciem
870 710 1001 742 tamen
1016 710 1158 752 servat,
1173 708 1343 754 foliaque
1356 710 1507 745 minora
1519 712 1610 744 sunt
1621 710 1851 756 profundius

182 753 283 789 ivisa
302 755 367 789 vix
414 764 458 788 en
480 756 551 788 ata.

211 928 249 969 3.
284 927 344 969 B.
380 924 711 970 multiflora
751 925 907 981 (Boiss.
951 930 994 969 et
1032 926 1181 968 Heldr.
1226 926 1376 980 Diagn.
1421 926 1512 969 Ser.
1552 928 1584 977 I,
1623 928 1689 980 10‚
1727 942 1768 982 p.
1806 929 1852 984 8]

151 986 299 1035 dioica,
346 985 459 1028 foliis
509 983 722 1026 viridibus
767 985 1115 1039 calloso-asperis
1166 986 1358 1027 breviter
1403 987 1618 1040 petiolatis
1665 988 1852 1030 cordatis

153 1045 600 1099 5-7-palmatipartitis
639 1046 823 1087 sectisve
860 1045 1093 1098 segmentis
1126 1045 1283 1087 iterum
1318 1055 1430 1099 saepe
1466 1046 1633 1097 lobatis‚
1669 1046 1851 1089 floribus

154 1103 361 1145 faemincis
385 1105 426 1145 in
449 1116 643 1145 racemos
670 1104 929 1146 rnultissoros
954 1104 1267 1157 pedunculatos
1295 1105 1386 1146 basi
1409 1104 1629 1147 interdum
1656 1119 1851 1148 ramosos

155 1162 392 1216 dispositis,
432 1163 648 1216 calycibus
689 1163 898 1204 faemineis
938 1164 1097 1204 corolla
1124 1162 1415 1215 brevioribus,
1444 1164 1555 1217 stylo
1579 1165 1851 1217 subcxserto,

152 1221 428 1275 stigmatibus
456 1222 639 1275 asperis,
664 1222 789 1263 bacca
818 1223 1068 1264 latescente.

200 1295 299 1330 Hab.
320 1296 358 1330 in
378 1295 620 1342 rupestribus
642 1298 679 1330 et
697 1296 891 1331 umbrosis
915 1295 1108 1331 Anatoliae
1128 1295 1310 1331 australis
1326 1296 1364 1331 in
1382 1296 1527 1331 Pisidia
1544 1297 1592 1331 ad
1607 1297 1852 1332 Tcheltikchi

153 1352 272 1388 prope
292 1342 496 1378 Bouldour
514 1344 697 1388 (Heldr!).
714 1343 832 1388 Lycia
851 1353 968 1389 prope
988 1343 1145 1378 Elmalu
1164 1343 1323 1388 (Bourg.
1344 1354 1421 1378 exs.
1436 1344 1525 1378 255!
1541 1345 1614 1378 sub
1632 1343 1679 1380 Β.
1695 1342 1850 1388 (holed),

155 1389 291 1424 Cilicia
309 1390 356 1424 ad
378 1390 591 1426 Bouloukli
614 1390 717 1435 (Bal.
739 1392 822 1425 exs!
841 1390 914 1425 sub
933 1390 979 1426 Β.
1000 1388 1154 1434 dimica),
1174 1391 1287 1435 Syria
1313 1401 1431 1436 prope
1463 1391 1669 1426 Lattakieh
1695 1392 1850 1436 (Posti),

155 1436 302 1483 Tripoli
320 1437 385 1477 (131
401 1440 436 1482 1),
456 1439 494 1473 in
513 1439 740 1473 Antilibano
772 1437 903 1481 (Gaill.
936 1448 1013 1472 exs
1040 1437 1145 1482 3881)
1176 1441 1211 1472 et
1230 1449 1348 1484 prope
1366 1438 1540 1473 Zcbdani
1558 1439 1646 1484 (ΚΥ.
1672 1439 1739 1474 124
1756 1440 1790 1483 ij),
1810 1439 1849 1473 in

153 1483 546 1573 {filestiilig}(ssoiss!),
564 1486 603 1521 in
633 1488 764 1520 monte
782 1484 989 1530 Ssoss'dagh
1016 1483 1139 1530 Syriae
1165 1485 1246 1520 bor.
1277 1488 1314 1520 et
1341 1487 1471 1521 monte
1498 1486 1654 1532 SindJar
1677 1487 1852 1532 Assyriae

214 1542 301 1566 auss
348 1538 373 1576 ).

203 1593 312 1629 Facie
329 1594 455 1630 affinis
474 1594 522 1631 B.
546 1594 714 1639 Cretiece,
746 1595 795 1630 ab
815 1598 860 1630 ea
877 1598 914 1631 et
936 1606 958 1630 a
988 1595 1033 1631 B.
1061 1593 1190 1633 dz'oz'cd
1208 1596 1362 1632 differre
1380 1596 1535 1633 videtur
1552 1597 1735 1633 foliorum
1763 1608 1848 1643 seg-

155 1641 294 1676 mentis
313 1641 467 1687 Iobatis,
486 1642 727 1689 floribus-que
749 1643 939 1678 faemineis
957 1644 997 1678 in
1016 1653 1187 1679 racemos
1218 1644 1305 1690 plus
1334 1645 1464 1680 minus
1493 1645 1695 1691 elongatos
1724 1656 1791 1681 nec
1810 1646 1849 1680 in

152 1688 358 1733 corymbos
376 1690 607 1735 paucitloros
627 1690 837 1736 dispositis.
858 1690 969 1726 Folia
985 1691 1187 1737 superiora
1206 1702 1309 1738 szepe
1330 1692 1750 1738 triangulari-hastata.

215 1861 256 1902 4.
287 1860 343 1902 B.
372 1859 617 1914 Syriaca
659 1861 822 1916 (Boiss.
867 1862 1017 1915 Diagn.
1052 1862 1142 1904 Ser.
1181 1863 1235 1913 Π,
1275 1865 1312 1916 2,
1340 1877 1378 1917 p.
1415 1864 1490 1918 59)
1512 1864 1659 1917 (110163,
1686 1866 1848 1908 minute

156 1919 506 1973 papilloso-birta‚
556 1920 667 1961 foliis
709 1921 895 1962 cordatis
945 1922 1083 1964 oratis
1134 1923 1290 1964 obtuse
1338 1923 1739 1976 repando-dentatis
1780 1925 1851 1966 vel

156 1977 340 2020 obsolete
364 1978 531 2029 Iobatis,
567 1979 750 2021 floribus
786 1980 995 2022 faemineis
1033 1982 1180 2035 parvis
1210 1981 1517 2034 ,pedunculatis
1542 1983 1583 2024 in
1607 1983 1748 2025 axillis
1778 1985 1852 2038 (an

158 2049 325 2090 semper
337 2037 378 2092 ⁶3)
407 2038 612 2080 solitariis
637 2038 760 2080 valde
778 2039 986 2092 papilloso
1002 2040 1151 2093 hirtis,
1178 2040 1395 2094 calycibus
1419 2042 1626 2083 faemineis
1650 2043 1853 2084 corollam

155 2096 436 2149 aeqaantibus,
475 2097 587 2149 stylo
630 2110 714 2139 non
752 2101 938 2147 exserto,
978 2099 1250 2152 stigmatibus
1285 2101 1467 2154 asperis,
1508 2100 1671 2143 baccis.
1695 2135 1701 2142 .
1724 2134 1761 2141 ..
1789 2105 1847 2146 914.

159 2154 476 2196 B.mi(.‘rantha
505 2155 639 2197 ssoiss.
666 2156 815 2209 Diagn.
841 2156 936 2199 Ser.
969 2157 1000 2210 Ι,
1031 2160 1095 2210 10,
1120 2172 1158 2212 p.
1190 2160 1211 2200 7
1238 2172 1321 2201 non
1347 2160 1525 2202 Hoclist.
1557 2160 1718 2214 Abyss.

207 2227 295 2262 aab.
318 2228 359 2262 in
376 2228 544 2263 dumetis
564 2228 698 2273 Syriae,
717 2229 969 2265 Antilibanus
988 2231 1086 2266 circa
1118 2231 1324 2277 Rascheya
1344 2232 1486 2276 (Boiss.
1508 2232 1671 2278 Specim.
1689 2235 1849 2270 unicum

158 2274 372 2310 fuenineurn
382 2276 417 2319 1),
449 2286 569 2321 prope
593 2267 818 2321 'Berythum
838 2277 1013 2321 (Haussk
1027 2280 1052 2323 !)
1071 2281 1108 2314 et
1137 2279 1177 2314 in
1195 2279 1394 2314 Palestina
1413 2280 1512 2315 cirva
1530 2280 1850 2326 Hierosolymam

160 2321 297 2365 (Bo‘ssl
318 2322 418 2357 Roth
440 2322 528 2358 213!
548 2322 768 2368 Specimina
787 2323 990 2370 mascula).
1015 2333 1018 2336 ’

206 2380 344 2433 Species
361 2387 463 2422 male
480 2390 571 2422 nota
586 2390 623 2423 et
643 2389 774 2434 quoad
789 2389 1028 2425 characteres
1047 2390 1177 2433 dubia,
1196 2401 1287 2426 nam
1308 2392 1504 2436 specimen
1520 2392 1744 2427 t'aflnineum
1768 2394 1853 2428 uni-

160 2444 236 2470 cun
255 2435 347 2469 novi
366 2437 402 2469 et
422 2435 579 2469 baccam
602 2437 795 2470 maturam
812 2446 889 2471 non
909 2437 1003 2475 vidi:
1026 2437 1139 2473 flores
1155 2437 1318 2473 masculi
1337 2440 1379 2473 ut
1397 2438 1435 2473 in
1455 2438 1501 2474 Β.
1520 2437 1647 2475 (ίίοίοᾶ
1664 2441 1854 2475 raeemosi

161 2485 199 2516 et
215 2483 345 2526 nagni.
365 2484 397 2517 A
417 2482 620 2528 speciebus
644 2483 954 2528 praecedentibus
973 2484 1101 2520 differt
1126 2485 1229 2520 foliis
1247 2485 1430 2520 indivisis
1449 2487 1631 2532 repandis
1652 2487 1713 2522 vel
1739 2488 1853 2523 obso—

159 2528 222 2564 1et‹
240 2534 276 2563 et
295 2529 433 2564 obtuse
453 2529 682 2565 sublobatis.

221 2702 245 2740 1.
282 2699 339 2743 Β.
374 2701 787 2755 macrophylla
815 2702 914 2757 (ΚΥ.
945 2704 989 2745 in
1024 2703 1072 2745 It.
1122 2703 1448 2747 Cilicico-Kurd.
1494 2707 1600 2747 1859
1641 2713 1687 2747 11⁰
1726 2707 1851 2759 7651)

162 2758 294 2810 dioca,
336 2759 530 2802 caulibus
574 2761 726 2802 validis
771 2762 964 2805 sulcatis.
1004 2763 1115 2805 foliis
1153 2764 1439 2807 tuberculatis
1473 2764 1643 2818 asperis
1684 2765 1850 2817 magnis

160 2817 282 2858 tirnis
315 2817 407 2858 basi
444 2820 526 2860 late
563 2819 749 2861 cordatis
785 2820 1208 2873 triangulari-oratis
1241 2824 1377 2864 acutis
1417 2836 1569 2876 grosse
1605 2823 1757 2865 lobatis
1784 2824 1849 2866 vel

163 2875 347 2928 deitatis,
379 2876 561 2920 floribus
606 2878 813 2921 t'aniniueis
855 2879 897 2921 in
938 2893 1130 2923 racemos
1170 2882 1430 2924 munitionis
1472 2883 1691 2935 elongatos
1735 2894 1850 2936 saepe

164 2933 303 2976 bitdos
344 2946 396 2975 ex
437 2937 561 2978 axilla
601 2937 821 2980 interdum
860 2939 1011 2992 plures
1054 2939 1289 2993 dispositis,
1320 2941 1674 2994 calycibus....‚
1711 2940 1853 2983 baccis

166 2993 275 3035 tla'is
305 2997 360 3039 26.
