<?xml version="1.0" encoding="UTF-8"?>
<!DOCTYPE html PUBLIC "-//W3C//DTD XHTML 1.0 Transitional//EN"
    "http://www.w3.org/TR/xhtml1/DTD/xhtml1-transitional.dtd">
<html xmlns="http://www.w3.org/1999/xhtml" xml:lang="en" lang="en">
 <head>
  <title>
</title>
<meta http-equiv="Content-Type" content="text/html;charset=utf-8" />
  <meta name='ocr-system' content='tesseract 3.04.00' />
  <meta name='ocr-capabilities' content='ocr_page ocr_carea ocr_par ocr_line ocrx_word'/>
</head>
<body>
  <div class='ocr_page' id='page_1' title='image "./floraorientaliss02bois_0699.png"; bbox 0 0 2045 3227; ppageno 0'>
   <div class='ocr_carea' id='block_1_1' title="bbox 109 246 1804 295">
    <p class='ocr_par' dir='ltr' id='par_1_1' title="bbox 109 246 1804 295">
     <span class='ocr_line' id='line_1_1' title="bbox 109 246 1804 295; baseline -0.001 -11"><span class='ocrx_word' id='word_1_1' title='bbox 109 247 274 295; x_wconf 80' lang='lat' dir='ltr'>sz&#39;raea.</span> <span class='ocrx_word' id='word_1_2' title='bbox 859 253 1059 281; x_wconf 79' lang='lat' dir='ltr'>ROSACEAE.</span> <span class='ocrx_word' id='word_1_3' title='bbox 1734 246 1804 282; x_wconf 85' lang='grc'>691</span> 
     </span>
    </p>
   </div>
   <div class='ocr_carea' id='block_1_2' title="bbox 109 326 1806 500">
    <p class='ocr_par' dir='ltr' id='par_1_2' title="bbox 109 326 1806 500">
     <span class='ocr_line' id='line_1_2' title="bbox 110 326 1806 382; baseline -0.001 -10"><span class='ocrx_word' id='word_1_4' title='bbox 110 329 324 372; x_wconf 90' lang='lat' dir='ltr'>terminali</span> <span class='ocrx_word' id='word_1_5' title='bbox 352 328 511 382; x_wconf 86' lang='lat' dir='ltr'>majore</span> <span class='ocrx_word' id='word_1_6' title='bbox 533 328 753 381; x_wconf 83' lang='lat' dir='ltr'>palmatim</span> <span class='ocrx_word' id='word_1_7' title='bbox 779 327 978 379; x_wconf 82' lang='lat' dir='ltr'>3-5-fido‚</span> <span class='ocrx_word' id='word_1_8' title='bbox 1014 328 1135 380; x_wconf 81' lang='lat' dir='ltr'>cyma</span> <span class='ocrx_word' id='word_1_9' title='bbox 1161 326 1682 380; x_wconf 77' lang='lat' dir='ltr'>corymboso-paniculata</span> <span class='ocrx_word' id='word_1_10' title='bbox 1706 339 1806 381; x_wconf 82' lang='lat' dir='ltr'>pro-</span> 
     </span>
     <span class='ocr_line' id='line_1_3' title="bbox 110 385 1803 440; baseline -0.001 -10"><span class='ocrx_word' id='word_1_11' title='bbox 110 388 248 440; x_wconf 76' lang='lat' dir='ltr'>lifera,</span> <span class='ocrx_word' id='word_1_12' title='bbox 273 387 531 430; x_wconf 83' lang='lat' dir='ltr'>staminibus</span> <span class='ocrx_word' id='word_1_13' title='bbox 555 387 692 440; x_wconf 86' lang='lat' dir='ltr'>petala</span> <span class='ocrx_word' id='word_1_14' title='bbox 712 386 835 438; x_wconf 82' lang='lat' dir='ltr'>longe</span> <span class='ocrx_word' id='word_1_15' title='bbox 856 386 1126 438; x_wconf 83' lang='lat' dir='ltr'>unguiculata</span> <span class='ocrx_word' id='word_1_16' title='bbox 1154 385 1478 439; x_wconf 79' lang='lat' dir='ltr'><strong>superantibus,</strong></span> <span class='ocrx_word' id='word_1_17' title='bbox 1500 386 1803 440; x_wconf 64' lang='lat' dir='ltr'>carpellisb-S)</span> 
     </span>
     <span class='ocr_line' id='line_1_4' title="bbox 109 444 1335 500; baseline -0.002 -12"><span class='ocrx_word' id='word_1_18' title='bbox 109 446 270 500; x_wconf 84' lang='lat' dir='ltr'>glabris</span> <span class='ocrx_word' id='word_1_19' title='bbox 289 446 509 500; x_wconf 86' lang='lat' dir='ltr'>spiraliter</span> <span class='ocrx_word' id='word_1_20' title='bbox 532 445 740 487; x_wconf 85' lang='lat' dir='ltr'>contortis</span> <span class='ocrx_word' id='word_1_21' title='bbox 780 451 817 492; x_wconf 69' lang='lat'>36</span> <span class='ocrx_word' id='word_1_22' title='bbox 831 478 840 486; x_wconf 94' lang='lat'>.</span> <span class='ocrx_word' id='word_1_23' title='bbox 867 444 991 497; x_wconf 85' lang='lat' dir='ltr'>Engl.</span> <span class='ocrx_word' id='word_1_24' title='bbox 1022 444 1109 485; x_wconf 88' lang='lat' dir='ltr'>bot.</span> <span class='ocrx_word' id='word_1_25' title='bbox 1132 444 1215 486; x_wconf 87' lang='lat' dir='ltr'>tab.</span> <span class='ocrx_word' id='word_1_26' title='bbox 1238 445 1335 486; x_wconf 83' lang='lat'>960.</span> 
     </span>
    </p>
   </div>
   <div class='ocr_carea' id='block_1_3' title="bbox 107 517 1805 754">
    <p class='ocr_par' dir='ltr' id='par_1_3' title="bbox 107 517 1805 754">
     <span class='ocr_line' id='line_1_5' title="bbox 156 517 1804 565; baseline 0.001 -11"><span class='ocrx_word' id='word_1_27' title='bbox 156 519 256 554; x_wconf 86' lang='lat' dir='ltr'>Hab.</span> <span class='ocrx_word' id='word_1_28' title='bbox 275 519 324 554; x_wconf 90' lang='lat' dir='ltr'>ad</span> <span class='ocrx_word' id='word_1_29' title='bbox 343 519 493 554; x_wconf 84' lang='lat' dir='ltr'>rivulos</span> <span class='ocrx_word' id='word_1_30' title='bbox 520 519 557 554; x_wconf 88' lang='lat' dir='ltr'>et</span> <span class='ocrx_word' id='word_1_31' title='bbox 574 518 615 553; x_wconf 91' lang='lat' dir='ltr'>in</span> <span class='ocrx_word' id='word_1_32' title='bbox 641 517 761 564; x_wconf 85' lang='lat' dir='ltr'>pratis</span> <span class='ocrx_word' id='word_1_33' title='bbox 780 517 953 552; x_wconf 82' lang='lat' dir='ltr'><strong>humidis</strong></span> <span class='ocrx_word' id='word_1_34' title='bbox 971 517 1142 562; x_wconf 81' lang='lat' dir='ltr'>regionis</span> <span class='ocrx_word' id='word_1_35' title='bbox 1163 517 1200 552; x_wconf 88' lang='lat' dir='ltr'>al</span> <span class='ocrx_word' id='word_1_36' title='bbox 1233 517 1319 561; x_wconf 74' lang='lat' dir='ltr'>inae,</span> <span class='ocrx_word' id='word_1_37' title='bbox 1340 518 1520 554; x_wconf 87' lang='lat' dir='ltr'>Anatolia</span> <span class='ocrx_word' id='word_1_38' title='bbox 1537 529 1658 565; x_wconf 86' lang='lat' dir='ltr'>supra</span> <span class='ocrx_word' id='word_1_39' title='bbox 1675 519 1804 555; x_wconf 86' lang='lat' dir='ltr'>Tokat</span> 
     </span>
     <span class='ocr_line' id='line_1_6' title="bbox 110 564 1803 611; baseline 0 -9"><span class='ocrx_word' id='word_1_40' title='bbox 110 566 239 607; x_wconf 91' lang='lat' dir='ltr'>(Wied</span> <span class='ocrx_word' id='word_1_41' title='bbox 249 567 284 611; x_wconf 75' lang='grc' dir='ltr'>Ι),</span> <span class='ocrx_word' id='word_1_42' title='bbox 295 566 330 601; x_wconf 88' lang='lat' dir='ltr'>al</span> <span class='ocrx_word' id='word_1_43' title='bbox 363 576 402 601; x_wconf 81' lang='lat' dir='ltr'>es</span> <span class='ocrx_word' id='word_1_44' title='bbox 421 565 533 600; x_wconf 87' lang='lat' dir='ltr'>Ponti</span> <span class='ocrx_word' id='word_1_45' title='bbox 554 565 677 600; x_wconf 86' lang='lat' dir='ltr'>Lazici</span> <span class='ocrx_word' id='word_1_46' title='bbox 696 564 747 599; x_wconf 84' lang='lat' dir='ltr'>ad</span> <span class='ocrx_word' id='word_1_47' title='bbox 767 564 903 611; x_wconf 88' lang='lat' dir='ltr'>Djimil</span> <span class='ocrx_word' id='word_1_48' title='bbox 922 564 988 599; x_wconf 88' lang='lat' dir='ltr'>alt.</span> <span class='ocrx_word' id='word_1_49' title='bbox 1006 564 1110 599; x_wconf 65' lang='lat'>6:300‘</span> <span class='ocrx_word' id='word_1_50' title='bbox 1130 564 1202 608; x_wconf 84' lang='lat' dir='ltr'>(Ba</span> <span class='ocrx_word' id='word_1_51' title='bbox 1229 566 1265 606; x_wconf 70' lang='lat' dir='ltr'>ll,</span> <span class='ocrx_word' id='word_1_52' title='bbox 1284 565 1467 600; x_wconf 82' lang='lat' dir='ltr'>Armenia</span> <span class='ocrx_word' id='word_1_53' title='bbox 1486 565 1536 600; x_wconf 84' lang='lat' dir='ltr'>ad</span> <span class='ocrx_word' id='word_1_54' title='bbox 1555 566 1672 602; x_wconf 87' lang='lat' dir='ltr'>occid.</span> <span class='ocrx_word' id='word_1_55' title='bbox 1694 567 1803 602; x_wconf 80' lang='lat' dir='ltr'>urbis</span> 
     </span>
     <span class='ocr_line' id='line_1_7' title="bbox 107 611 1804 659; baseline 0.001 -12"><span class='ocrx_word' id='word_1_56' title='bbox 107 612 291 649; x_wconf 86' lang='lat' dir='ltr'>Erzerum</span> <span class='ocrx_word' id='word_1_57' title='bbox 361 612 450 648; x_wconf 89' lang='lat' dir='ltr'>cbih</span> <span class='ocrx_word' id='word_1_58' title='bbox 461 614 486 657; x_wconf 74' lang='lat'>1)</span> <span class='ocrx_word' id='word_1_59' title='bbox 516 614 555 648; x_wconf 90' lang='lat' dir='ltr'>et</span> <span class='ocrx_word' id='word_1_60' title='bbox 584 612 634 647; x_wconf 90' lang='lat' dir='ltr'>ad</span> <span class='ocrx_word' id='word_1_61' title='bbox 661 611 810 646; x_wconf 82' lang='lat' dir='ltr'>radices</span> <span class='ocrx_word' id='word_1_62' title='bbox 829 611 1020 646; x_wconf 72' lang='lat' dir='ltr'>australes</span> <span class='ocrx_word' id='word_1_63' title='bbox 1038 612 1182 646; x_wconf 87' lang='lat' dir='ltr'>montis</span> <span class='ocrx_word' id='word_1_64' title='bbox 1205 611 1453 657; x_wconf 81' lang='lat' dir='ltr'>Bingoldagh</span> <span class='ocrx_word' id='word_1_65' title='bbox 1480 612 1570 657; x_wconf 58' lang='grc' dir='ltr'>(ΚΥ.</span> <span class='ocrx_word' id='word_1_66' title='bbox 1590 624 1668 649; x_wconf 85' lang='lat' dir='ltr'>exs.</span> <span class='ocrx_word' id='word_1_67' title='bbox 1687 613 1804 659; x_wconf 75' lang='lat'>3281),</span> 
     </span>
     <span class='ocr_line' id='line_1_8' title="bbox 109 657 1805 706; baseline 0.001 -11"><span class='ocrx_word' id='word_1_68' title='bbox 109 670 223 696; x_wconf 86' lang='lat' dir='ltr'>mons</span> <span class='ocrx_word' id='word_1_69' title='bbox 249 659 477 705; x_wconf 83' lang='lat' dir='ltr'>Berytdagh</span> <span class='ocrx_word' id='word_1_70' title='bbox 496 659 698 694; x_wconf 86' lang='lat' dir='ltr'>Cataoniae</span> <span class='ocrx_word' id='word_1_71' title='bbox 729 657 952 703; x_wconf 72' lang='lat' dir='ltr'>(Hausskt),</span> <span class='ocrx_word' id='word_1_72' title='bbox 982 658 1167 693; x_wconf 84' lang='lat' dir='ltr'>Armenia</span> <span class='ocrx_word' id='word_1_73' title='bbox 1185 657 1346 693; x_wconf 70' lang='lat' dir='ltr'>Rossica</span> <span class='ocrx_word' id='word_1_74' title='bbox 1373 659 1431 703; x_wconf 88' lang='lat' dir='ltr'>(C.</span> <span class='ocrx_word' id='word_1_75' title='bbox 1449 659 1585 706; x_wconf 83' lang='lat' dir='ltr'><strong>Koch),</strong></span> <span class='ocrx_word' id='word_1_76' title='bbox 1605 660 1805 697; x_wconf 84' lang='lat' dir='ltr'>Caucasus</span> 
     </span>
     <span class='ocr_line' id='line_1_9' title="bbox 109 704 1208 754; baseline -0.004 -12"><span class='ocrx_word' id='word_1_77' title='bbox 109 708 291 754; x_wconf 85' lang='lat' dir='ltr'>septentr.</span> <span class='ocrx_word' id='word_1_78' title='bbox 311 706 498 751; x_wconf 64' lang='lat' dir='ltr'>(Laden),</span> <span class='ocrx_word' id='word_1_79' title='bbox 520 716 627 753; x_wconf 89' lang='lat' dir='ltr'>prov.</span> <span class='ocrx_word' id='word_1_80' title='bbox 646 704 816 740; x_wconf 88' lang='lat' dir='ltr'>Talusch</span> <span class='ocrx_word' id='word_1_81' title='bbox 835 705 986 750; x_wconf 86' lang='lat' dir='ltr'>(Buhse</span> <span class='ocrx_word' id='word_1_82' title='bbox 1002 706 1037 749; x_wconf 82' lang='lat' dir='ltr'>l).</span> <span class='ocrx_word' id='word_1_83' title='bbox 1057 705 1113 740; x_wconf 88' lang='lat' dir='ltr'>Fl.</span> <span class='ocrx_word' id='word_1_84' title='bbox 1132 705 1208 740; x_wconf 85' lang='lat' dir='ltr'>Jul.</span> 
     </span>
    </p>
   </div>
   <div class='ocr_carea' id='block_1_4' title="bbox 152 767 1275 816">
    <p class='ocr_par' dir='ltr' id='par_1_4' title="bbox 152 767 1275 816">
     <span class='ocr_line' id='line_1_10' title="bbox 152 767 1275 816; baseline -0.004 -9"><span class='ocrx_word' id='word_1_85' title='bbox 152 771 214 807; x_wconf 76' lang='lat' dir='ltr'>Ar.</span> <span class='ocrx_word' id='word_1_86' title='bbox 234 770 367 816; x_wconf 72' lang='lat' dir='ltr'>Geoqr.</span> <span class='ocrx_word' id='word_1_87' title='bbox 394 770 553 816; x_wconf 82' lang='lat' dir='ltr'>Europa</span> <span class='ocrx_word' id='word_1_88' title='bbox 570 768 739 805; x_wconf 86' lang='lat' dir='ltr'>borealis</span> <span class='ocrx_word' id='word_1_89' title='bbox 757 771 795 804; x_wconf 89' lang='lat' dir='ltr'>et</span> <span class='ocrx_word' id='word_1_90' title='bbox 812 768 951 813; x_wconf 75' lang='lat' dir='ltr'>media,</span> <span class='ocrx_word' id='word_1_91' title='bbox 976 767 1118 804; x_wconf 87' lang='lat' dir='ltr'>Sibiria</span> <span class='ocrx_word' id='word_1_92' title='bbox 1136 768 1275 804; x_wconf 90' lang='lat' dir='ltr'>omnis.</span> 
     </span>
    </p>
   </div>
   <div class='ocr_carea' id='block_1_5' title="bbox 102 899 1806 1192">
    <p class='ocr_par' dir='ltr' id='par_1_5' title="bbox 102 899 1806 1192">
     <span class='ocr_line' id='line_1_11' title="bbox 167 899 1801 956; baseline 0 -11"><span class='ocrx_word' id='word_1_93' title='bbox 167 904 206 945; x_wconf 90' lang='grc'>6.</span> <span class='ocrx_word' id='word_1_94' title='bbox 236 901 286 945; x_wconf 92' lang='lat' dir='ltr'>S.</span> <span class='ocrx_word' id='word_1_95' title='bbox 326 899 678 956; x_wconf 78' lang='lat' dir='ltr'>filipendula</span> <span class='ocrx_word' id='word_1_96' title='bbox 702 900 772 956; x_wconf 84' lang='lat' dir='ltr'>(L.</span> <span class='ocrx_word' id='word_1_97' title='bbox 796 900 867 954; x_wconf 90' lang='lat' dir='ltr'>Sp.</span> <span class='ocrx_word' id='word_1_98' title='bbox 894 899 997 954; x_wconf 71' lang='lat'>702)</span> <span class='ocrx_word' id='word_1_99' title='bbox 1024 900 1143 942; x_wconf 87' lang='lat' dir='ltr'>caule</span> <span class='ocrx_word' id='word_1_100' title='bbox 1166 902 1323 952; x_wconf 82' lang='lat' dir='ltr'>erecte,</span> <span class='ocrx_word' id='word_1_101' title='bbox 1364 901 1474 942; x_wconf 78' lang='lat' dir='ltr'>foliis</span> <span class='ocrx_word' id='word_1_102' title='bbox 1495 901 1684 954; x_wconf 82' lang='lat' dir='ltr'>pinnatis</span> <span class='ocrx_word' id='word_1_103' title='bbox 1711 915 1801 945; x_wconf 85' lang='lat' dir='ltr'>am-</span> 
     </span>
     <span class='ocr_line' id='line_1_12' title="bbox 105 958 1806 1013; baseline 0 -9"><span class='ocrx_word' id='word_1_104' title='bbox 105 961 199 1004; x_wconf 85' lang='lat' dir='ltr'>bitu</span> <span class='ocrx_word' id='word_1_105' title='bbox 220 961 466 1004; x_wconf 85' lang='lat' dir='ltr'>lanceolatis</span> <span class='ocrx_word' id='word_1_106' title='bbox 492 960 645 1002; x_wconf 88' lang='lat' dir='ltr'>foliolis</span> <span class='ocrx_word' id='word_1_107' title='bbox 673 959 820 1013; x_wconf 87' lang='lat' dir='ltr'>parvis</span> <span class='ocrx_word' id='word_1_108' title='bbox 850 958 1043 1011; x_wconf 82' lang='lat' dir='ltr'>oblongis</span> <span class='ocrx_word' id='word_1_109' title='bbox 1069 958 1490 1012; x_wconf 87' lang='lat' dir='ltr'>pinnatifido-incisis</span> <span class='ocrx_word' id='word_1_110' title='bbox 1518 960 1626 1002; x_wconf 87' lang='lat' dir='ltr'>lobis</span> <span class='ocrx_word' id='word_1_111' title='bbox 1660 974 1806 1004; x_wconf 89' lang='lat' dir='ltr'>serra-</span> 
     </span>
     <span class='ocr_line' id='line_1_13' title="bbox 106 1018 1799 1074; baseline 0 -11"><span class='ocrx_word' id='word_1_112' title='bbox 106 1020 181 1068; x_wconf 81' lang='lat' dir='ltr'>tis,</span> <span class='ocrx_word' id='word_1_113' title='bbox 208 1022 329 1074; x_wconf 79' lang='lat' dir='ltr'>cyma</span> <span class='ocrx_word' id='word_1_114' title='bbox 363 1019 884 1073; x_wconf 74' lang='lat' dir='ltr'>corymboso-paniculata</span> <span class='ocrx_word' id='word_1_115' title='bbox 912 1018 1139 1071; x_wconf 68' lang='lat' dir='ltr'>proliferzi,</span> <span class='ocrx_word' id='word_1_116' title='bbox 1173 1018 1431 1060; x_wconf 81' lang='lat' dir='ltr'>staminibus</span> <span class='ocrx_word' id='word_1_117' title='bbox 1456 1020 1596 1071; x_wconf 85' lang='lat' dir='ltr'>petala</span> <span class='ocrx_word' id='word_1_118' title='bbox 1622 1021 1694 1062; x_wconf 80' lang='lat' dir='ltr'>vix</span> <span class='ocrx_word' id='word_1_119' title='bbox 1720 1034 1799 1063; x_wconf 53' lang='lat' dir='ltr'>un*</span> 
     </span>
     <span class='ocr_line' id='line_1_14' title="bbox 102 1075 1800 1132; baseline 0.001 -11"><span class='ocrx_word' id='word_1_120' title='bbox 102 1079 317 1132; x_wconf 85' lang='lat' dir='ltr'>guiculata</span> <span class='ocrx_word' id='word_1_121' title='bbox 344 1091 429 1120; x_wconf 89' lang='lat' dir='ltr'>non</span> <span class='ocrx_word' id='word_1_122' title='bbox 455 1078 743 1131; x_wconf 83' lang='lat' dir='ltr'>aequantibus,</span> <span class='ocrx_word' id='word_1_123' title='bbox 768 1077 967 1130; x_wconf 85' lang='lat' dir='ltr'>carpellis</span> <span class='ocrx_word' id='word_1_124' title='bbox 991 1077 1094 1118; x_wconf 68' lang='grc'><strong>9-12</strong></span> <span class='ocrx_word' id='word_1_125' title='bbox 1118 1075 1458 1131; x_wconf 77' lang='lat' dir='ltr'>pubescentibus</span> <span class='ocrx_word' id='word_1_126' title='bbox 1485 1079 1616 1122; x_wconf 87' lang='lat' dir='ltr'>rectis</span> <span class='ocrx_word' id='word_1_127' title='bbox 1657 1085 1719 1127; x_wconf 68' lang='lat'>26.</span> <span class='ocrx_word' id='word_1_128' title='bbox 1746 1079 1800 1123; x_wconf 89' lang='lat' dir='ltr'>Ic.</span> 
     </span>
     <span class='ocr_line' id='line_1_15' title="bbox 106 1137 574 1192; baseline -0.002 -13"><span class='ocrx_word' id='word_1_129' title='bbox 106 1138 226 1192; x_wconf 85' lang='lat' dir='ltr'>Engl.</span> <span class='ocrx_word' id='word_1_130' title='bbox 255 1138 338 1180; x_wconf 84' lang='lat' dir='ltr'>hot.</span> <span class='ocrx_word' id='word_1_131' title='bbox 365 1138 447 1179; x_wconf 81' lang='lat' dir='ltr'>tab.</span> <span class='ocrx_word' id='word_1_132' title='bbox 477 1137 574 1178; x_wconf 69' lang='lat'>284.</span> 
     </span>
    </p>
   </div>
   <div class='ocr_carea' id='block_1_6' title="bbox 100 1208 1804 1493">
    <p class='ocr_par' dir='ltr' id='par_1_6' title="bbox 100 1208 1804 1493">
     <span class='ocr_line' id='line_1_16' title="bbox 151 1208 1803 1258; baseline 0 -11"><span class='ocrx_word' id='word_1_133' title='bbox 151 1211 251 1248; x_wconf 87' lang='lat' dir='ltr'>Hab.</span> <span class='ocrx_word' id='word_1_134' title='bbox 265 1211 306 1246; x_wconf 89' lang='lat' dir='ltr'>in</span> <span class='ocrx_word' id='word_1_135' title='bbox 320 1210 442 1258; x_wconf 87' lang='lat' dir='ltr'>pratis</span> <span class='ocrx_word' id='word_1_136' title='bbox 458 1210 630 1246; x_wconf 87' lang='lat' dir='ltr'>humidis</span> <span class='ocrx_word' id='word_1_137' title='bbox 647 1210 856 1254; x_wconf 85' lang='lat' dir='ltr'>montanis,</span> <span class='ocrx_word' id='word_1_138' title='bbox 874 1208 1103 1244; x_wconf 89' lang='lat' dir='ltr'>Macedonia</span> <span class='ocrx_word' id='word_1_139' title='bbox 1118 1209 1155 1244; x_wconf 88' lang='lat' dir='ltr'>et</span> <span class='ocrx_word' id='word_1_140' title='bbox 1165 1208 1334 1244; x_wconf 86' lang='lat' dir='ltr'>Thracia</span> <span class='ocrx_word' id='word_1_141' title='bbox 1351 1208 1509 1252; x_wconf 77' lang='lat' dir='ltr'>(Griseb</span> <span class='ocrx_word' id='word_1_142' title='bbox 1524 1211 1560 1255; x_wconf 78' lang='lat' dir='ltr'>l),</span> <span class='ocrx_word' id='word_1_143' title='bbox 1576 1221 1689 1246; x_wconf 88' lang='lat' dir='ltr'>mons</span> <span class='ocrx_word' id='word_1_144' title='bbox 1709 1211 1803 1247; x_wconf 87' lang='lat' dir='ltr'>Cor—</span> 
     </span>
     <span class='ocr_line' id='line_1_17' title="bbox 104 1255 1803 1304; baseline 0 -10"><span class='ocrx_word' id='word_1_145' title='bbox 104 1258 218 1294; x_wconf 84' lang='lat' dir='ltr'>thiati</span> <span class='ocrx_word' id='word_1_146' title='bbox 249 1257 489 1294; x_wconf 85' lang='lat' dir='ltr'>Macedoniae</span> <span class='ocrx_word' id='word_1_147' title='bbox 519 1257 673 1300; x_wconf 83' lang='lat' dir='ltr'>(Heldrl</span> <span class='ocrx_word' id='word_1_148' title='bbox 700 1257 853 1304; x_wconf 72' lang='lat' dir='ltr'>OrphO,</span> <span class='ocrx_word' id='word_1_149' title='bbox 890 1255 1078 1301; x_wconf 79' lang='lat' dir='ltr'>Bithynia</span> <span class='ocrx_word' id='word_1_150' title='bbox 1108 1255 1316 1299; x_wconf 71' lang='lat' dir='ltr'>(Thirkel)7</span> <span class='ocrx_word' id='word_1_151' title='bbox 1348 1256 1496 1292; x_wconf 89' lang='lat' dir='ltr'>Pontus</span> <span class='ocrx_word' id='word_1_152' title='bbox 1529 1258 1579 1292; x_wconf 83' lang='lat' dir='ltr'>ad</span> <span class='ocrx_word' id='word_1_153' title='bbox 1607 1258 1803 1294; x_wconf 86' lang='lat' dir='ltr'>Samsoun</span> 
     </span>
     <span class='ocr_line' id='line_1_18' title="bbox 104 1303 1802 1351; baseline 0.001 -11"><span class='ocrx_word' id='word_1_154' title='bbox 104 1305 275 1350; x_wconf 76' lang='lat' dir='ltr'>Tchihl),</span> <span class='ocrx_word' id='word_1_155' title='bbox 307 1305 490 1344; x_wconf 87' lang='lat' dir='ltr'>Armenia</span> <span class='ocrx_word' id='word_1_156' title='bbox 507 1304 669 1340; x_wconf 83' lang='lat' dir='ltr'>Turcica</span> <span class='ocrx_word' id='word_1_157' title='bbox 703 1314 824 1350; x_wconf 85' lang='lat' dir='ltr'>prope</span> <span class='ocrx_word' id='word_1_158' title='bbox 857 1303 1028 1339; x_wconf 86' lang='lat' dir='ltr'>Baibout</span> <span class='ocrx_word' id='word_1_159' title='bbox 1054 1303 1251 1347; x_wconf 75' lang='lat' dir='ltr'>(Bourgl),</span> <span class='ocrx_word' id='word_1_160' title='bbox 1276 1303 1430 1338; x_wconf 84' lang='lat' dir='ltr'>Taurus</span> <span class='ocrx_word' id='word_1_161' title='bbox 1464 1303 1646 1340; x_wconf 86' lang='lat' dir='ltr'>Cilicicus</span> <span class='ocrx_word' id='word_1_162' title='bbox 1681 1316 1802 1351; x_wconf 87' lang='lat' dir='ltr'>supra</span> 
     </span>
     <span class='ocr_line' id='line_1_19' title="bbox 100 1350 1804 1398; baseline 0 -11"><span class='ocrx_word' id='word_1_163' title='bbox 100 1352 232 1388; x_wconf 76' lang='lat' dir='ltr'>Giilek</span> <span class='ocrx_word' id='word_1_164' title='bbox 251 1352 408 1398; x_wconf 84' lang='lat' dir='ltr'>Boghaz</span> <span class='ocrx_word' id='word_1_165' title='bbox 426 1351 563 1397; x_wconf 83' lang='lat' dir='ltr'>(Ball),</span> <span class='ocrx_word' id='word_1_166' title='bbox 594 1352 738 1387; x_wconf 87' lang='lat' dir='ltr'>Tauria</span> <span class='ocrx_word' id='word_1_167' title='bbox 767 1351 925 1395; x_wconf 83' lang='lat' dir='ltr'>(Stevl)‚</span> <span class='ocrx_word' id='word_1_168' title='bbox 947 1360 1056 1397; x_wconf 89' lang='lat' dir='ltr'>prov.</span> <span class='ocrx_word' id='word_1_169' title='bbox 1088 1350 1152 1385; x_wconf 85' lang='lat' dir='ltr'>Cis</span> <span class='ocrx_word' id='word_1_170' title='bbox 1181 1351 1218 1385; x_wconf 92' lang='lat' dir='ltr'>et</span> <span class='ocrx_word' id='word_1_171' title='bbox 1243 1350 1578 1388; x_wconf 79' lang='lat' dir='ltr'>Transcaucasicae</span> <span class='ocrx_word' id='word_1_172' title='bbox 1605 1352 1804 1398; x_wconf 79' lang='lat' dir='ltr'>(Ledeb.)‚</span> 
     </span>
     <span class='ocr_line' id='line_1_20' title="bbox 103 1397 1801 1482; baseline 0.001 -48"><span class='ocrx_word' id='word_1_173' title='bbox 103 1409 211 1482; x_wconf 46' lang='lat' dir='ltr'>pfiov.</span> <span class='ocrx_word' id='word_1_174' title='bbox 236 1399 404 1482; x_wconf 61' lang='lat' dir='ltr'>Talulsclh</span> <span class='ocrx_word' id='word_1_175' title='bbox 420 1399 542 1481; x_wconf 66' lang='lat' dir='ltr'>l(CA.</span> <span class='ocrx_word' id='word_1_176' title='bbox 573 1398 704 1445; x_wconf 86' lang='lat' dir='ltr'>Mey.),</span> <span class='ocrx_word' id='word_1_177' title='bbox 734 1398 931 1434; x_wconf 81' lang='lat' dir='ltr'>Caucasus</span> <span class='ocrx_word' id='word_1_178' title='bbox 964 1397 1165 1433; x_wconf 86' lang='lat' dir='ltr'>orientalis</span> <span class='ocrx_word' id='word_1_179' title='bbox 1199 1397 1240 1432; x_wconf 86' lang='lat' dir='ltr'>in</span> <span class='ocrx_word' id='word_1_180' title='bbox 1267 1397 1536 1443; x_wconf 75' lang='lat' dir='ltr'>Daghestania</span> <span class='ocrx_word' id='word_1_181' title='bbox 1569 1398 1801 1436; x_wconf 82' lang='lat'>4800’-6000&#39;</span> 
     </span>
     <span class='ocr_line' id='line_1_21' title="bbox 105 1447 448 1493; baseline -0.003 -11"><span class='ocrx_word' id='word_1_182' title='bbox 105 1453 116 1488; x_wconf 68' lang='lat' dir='ltr'>t</span> <span class='ocrx_word' id='word_1_183' title='bbox 156 1448 276 1493; x_wconf 83' lang='lat' dir='ltr'>uprl).</span> <span class='ocrx_word' id='word_1_184' title='bbox 295 1447 325 1481; x_wconf 91' lang='lat' dir='ltr'><strong>F</strong></span> <span class='ocrx_word' id='word_1_185' title='bbox 347 1475 353 1481; x_wconf 93' lang='lat'>.</span> <span class='ocrx_word' id='word_1_186' title='bbox 393 1457 418 1482; x_wconf 93' lang='lat' dir='ltr'>u</span> <span class='ocrx_word' id='word_1_187' title='bbox 441 1473 448 1480; x_wconf 92' lang='lat'>.</span> 
     </span>
    </p>
   </div>
   <div class='ocr_carea' id='block_1_7' title="bbox 148 1510 1385 1548">
    <p class='ocr_par' dir='ltr' id='par_1_7' title="bbox 148 1510 1385 1548">
     <span class='ocr_line' id='line_1_22' title="bbox 148 1510 1385 1548; baseline -0.001 -1"><span class='ocrx_word' id='word_1_188' title='bbox 148 1511 276 1548; x_wconf 83' lang='lat' dir='ltr'>Fibrae</span> <span class='ocrx_word' id='word_1_189' title='bbox 294 1511 483 1547; x_wconf 87' lang='lat' dir='ltr'>radicales</span> <span class='ocrx_word' id='word_1_190' title='bbox 501 1511 703 1547; x_wconf 80' lang='lat' dir='ltr'>nonnullae</span> <span class='ocrx_word' id='word_1_191' title='bbox 720 1512 759 1547; x_wconf 92' lang='lat' dir='ltr'>in</span> <span class='ocrx_word' id='word_1_192' title='bbox 779 1510 1002 1547; x_wconf 86' lang='lat' dir='ltr'>tuberculos</span> <span class='ocrx_word' id='word_1_193' title='bbox 1022 1510 1208 1546; x_wconf 88' lang='lat' dir='ltr'>ovoideos</span> <span class='ocrx_word' id='word_1_194' title='bbox 1229 1511 1385 1547; x_wconf 73' lang='lat' dir='ltr'>inflatae.</span> 
     </span>
    </p>
   </div>
   <div class='ocr_carea' id='block_1_8' title="bbox 102 1573 1800 1668">
    <p class='ocr_par' dir='ltr' id='par_1_8' title="bbox 102 1573 1800 1668">
     <span class='ocr_line' id='line_1_23' title="bbox 148 1573 1800 1621; baseline -0.001 -10"><span class='ocrx_word' id='word_1_195' title='bbox 148 1575 209 1611; x_wconf 75' lang='lat' dir='ltr'>Ar.</span> <span class='ocrx_word' id='word_1_196' title='bbox 229 1574 362 1620; x_wconf 71' lang='lat' dir='ltr'>Geoqr.</span> <span class='ocrx_word' id='word_1_197' title='bbox 391 1574 497 1610; x_wconf 86' lang='lat' dir='ltr'>Euro</span> <span class='ocrx_word' id='word_1_198' title='bbox 527 1586 551 1610; x_wconf 88' lang='lat' dir='ltr'>a</span> <span class='ocrx_word' id='word_1_199' title='bbox 567 1576 661 1621; x_wconf 88' lang='lat' dir='ltr'>sept.</span> <span class='ocrx_word' id='word_1_200' title='bbox 692 1576 729 1610; x_wconf 86' lang='lat' dir='ltr'>et</span> <span class='ocrx_word' id='word_1_201' title='bbox 758 1573 888 1610; x_wconf 86' lang='lat' dir='ltr'>media</span> <span class='ocrx_word' id='word_1_202' title='bbox 917 1584 1041 1620; x_wconf 84' lang='lat' dir='ltr'>usque</span> <span class='ocrx_word' id='word_1_203' title='bbox 1075 1573 1124 1609; x_wconf 85' lang='lat' dir='ltr'>ad</span> <span class='ocrx_word' id='word_1_204' title='bbox 1150 1573 1385 1620; x_wconf 86' lang='lat' dir='ltr'>Hispaniam</span> <span class='ocrx_word' id='word_1_205' title='bbox 1403 1576 1441 1610; x_wconf 89' lang='lat' dir='ltr'>et</span> <span class='ocrx_word' id='word_1_206' title='bbox 1457 1573 1613 1610; x_wconf 86' lang='lat' dir='ltr'>Italiam</span> <span class='ocrx_word' id='word_1_207' title='bbox 1639 1574 1800 1619; x_wconf 87' lang='lat' dir='ltr'>medias,</span> 
     </span>
     <span class='ocr_line' id='line_1_24' title="bbox 102 1620 922 1668; baseline -0.002 -10"><span class='ocrx_word' id='word_1_208' title='bbox 102 1622 304 1668; x_wconf 78' lang='lat' dir='ltr'>Songaria,</span> <span class='ocrx_word' id='word_1_209' title='bbox 321 1622 468 1658; x_wconf 85' lang='lat' dir='ltr'>Sibiria</span> <span class='ocrx_word' id='word_1_210' title='bbox 521 1620 688 1658; x_wconf 83' lang='lat' dir='ltr'>ralensis</span> <span class='ocrx_word' id='word_1_211' title='bbox 705 1623 744 1657; x_wconf 90' lang='lat' dir='ltr'>et</span> <span class='ocrx_word' id='word_1_212' title='bbox 761 1621 922 1657; x_wconf 82' lang='lat' dir='ltr'>Altaica.</span> 
     </span>
    </p>
   </div>
   <div class='ocr_carea' id='block_1_9' title="bbox 367 1792 1534 1848">
    <p class='ocr_par' dir='ltr' id='par_1_9' title="bbox 367 1792 1534 1848">
     <span class='ocr_line' id='line_1_25' title="bbox 367 1792 1534 1848; baseline 0.001 -12"><span class='ocrx_word' id='word_1_213' title='bbox 367 1793 443 1836; x_wconf 72' lang='grc' dir='ltr'>ΤΒ.</span> <span class='ocrx_word' id='word_1_214' title='bbox 478 1793 527 1836; x_wconf 90' lang='lat' dir='ltr'>V.</span> <span class='ocrx_word' id='word_1_215' title='bbox 560 1792 769 1836; x_wconf 88' lang='lat' dir='ltr'><strong>RUBEAE</strong></span> <span class='ocrx_word' id='word_1_216' title='bbox 800 1793 896 1836; x_wconf 90' lang='lat' dir='ltr'>Bth.</span> <span class='ocrx_word' id='word_1_217' title='bbox 925 1795 969 1836; x_wconf 85' lang='lat' dir='ltr'>et</span> <span class='ocrx_word' id='word_1_218' title='bbox 994 1792 1131 1836; x_wconf 90' lang='lat' dir='ltr'>Hook.</span> <span class='ocrx_word' id='word_1_219' title='bbox 1162 1792 1271 1836; x_wconf 87' lang='lat' dir='ltr'>Gen.</span> <span class='ocrx_word' id='word_1_220' title='bbox 1302 1794 1334 1847; x_wconf 85' lang='grc' dir='ltr'>Ι,</span> <span class='ocrx_word' id='word_1_221' title='bbox 1362 1807 1404 1848; x_wconf 90' lang='lat' dir='ltr'>p.</span> <span class='ocrx_word' id='word_1_222' title='bbox 1435 1795 1534 1837; x_wconf 81' lang='lat'>603.</span> 
     </span>
    </p>
   </div>
   <div class='ocr_carea' id='block_1_10' title="bbox 97 1900 1802 2076">
    <p class='ocr_par' dir='ltr' id='par_1_10' title="bbox 97 1900 1802 2076">
     <span class='ocr_line' id='line_1_26' title="bbox 159 1900 1797 1959; baseline 0.001 -13"><span class='ocrx_word' id='word_1_223' title='bbox 159 1902 293 1958; x_wconf 83' lang='lat' dir='ltr'>Calyx</span> <span class='ocrx_word' id='word_1_224' title='bbox 318 1903 587 1957; x_wconf 87' lang='lat' dir='ltr'>explanatus.</span> <span class='ocrx_word' id='word_1_225' title='bbox 615 1901 806 1945; x_wconf 86' lang='lat' dir='ltr'>Stamina</span> <span class='ocrx_word' id='word_1_226' title='bbox 832 1914 1077 1945; x_wconf 88' lang='lat' dir='ltr'>numerosa.</span> <span class='ocrx_word' id='word_1_227' title='bbox 1113 1900 1308 1956; x_wconf 89' lang='lat' dir='ltr'>Carpella</span> <span class='ocrx_word' id='word_1_228' title='bbox 1333 1916 1568 1947; x_wconf 88' lang='lat' dir='ltr'>numerosa</span> <span class='ocrx_word' id='word_1_229' title='bbox 1603 1918 1626 1947; x_wconf 91' lang='lat' dir='ltr'>a</span> <span class='ocrx_word' id='word_1_230' title='bbox 1653 1906 1797 1959; x_wconf 82' lang='lat' dir='ltr'>calyce</span> 
     </span>
     <span class='ocr_line' id='line_1_27' title="bbox 102 1961 1802 2018; baseline 0.001 -13"><span class='ocrx_word' id='word_1_231' title='bbox 102 1962 237 2005; x_wconf 90' lang='lat' dir='ltr'>libera</span> <span class='ocrx_word' id='word_1_232' title='bbox 286 1962 558 2016; x_wconf 87' lang='lat' dir='ltr'>receptaculo</span> <span class='ocrx_word' id='word_1_233' title='bbox 594 1972 786 2004; x_wconf 85' lang='lat' dir='ltr'>convexo</span> <span class='ocrx_word' id='word_1_234' title='bbox 821 1961 890 2004; x_wconf 87' lang='lat' dir='ltr'>vel</span> <span class='ocrx_word' id='word_1_235' title='bbox 928 1961 1073 2004; x_wconf 89' lang='lat' dir='ltr'>conico</span> <span class='ocrx_word' id='word_1_236' title='bbox 1108 1961 1272 2004; x_wconf 84' lang='lat' dir='ltr'>inserta</span> <span class='ocrx_word' id='word_1_237' title='bbox 1303 1962 1478 2005; x_wconf 89' lang='lat' dir='ltr'>tandem</span> <span class='ocrx_word' id='word_1_238' title='bbox 1514 1964 1730 2018; x_wconf 87' lang='lat' dir='ltr'>drupacea</span> <span class='ocrx_word' id='word_1_239' title='bbox 1757 1965 1802 2007; x_wconf 89' lang='lat' dir='ltr'>in</span> 
     </span>
     <span class='ocr_line' id='line_1_28' title="bbox 97 2021 1049 2076; baseline -0.001 -13"><span class='ocrx_word' id='word_1_240' title='bbox 97 2021 269 2064; x_wconf 83' lang='lat' dir='ltr'>baccam</span> <span class='ocrx_word' id='word_1_241' title='bbox 302 2021 497 2075; x_wconf 89' lang='lat' dir='ltr'>spuriam</span> <span class='ocrx_word' id='word_1_242' title='bbox 525 2023 708 2063; x_wconf 88' lang='lat' dir='ltr'>connata</span> <span class='ocrx_word' id='word_1_243' title='bbox 735 2032 1049 2076; x_wconf 88' lang='lat' dir='ltr'>monosperma.</span> 
     </span>
    </p>
   </div>
   <div class='ocr_carea' id='block_1_11' title="bbox 640 2177 1267 2240">
    <p class='ocr_par' dir='ltr' id='par_1_11' title="bbox 640 2177 1267 2240">
     <span class='ocr_line' id='line_1_29' title="bbox 640 2177 1267 2240; baseline 0 -14"><span class='ocrx_word' id='word_1_244' title='bbox 640 2177 807 2226; x_wconf 85' lang='lat' dir='ltr'>RUBUS</span> <span class='ocrx_word' id='word_1_245' title='bbox 833 2178 898 2240; x_wconf 85' lang='lat' dir='ltr'>(L.</span> <span class='ocrx_word' id='word_1_246' title='bbox 930 2178 1027 2225; x_wconf 84' lang='lat' dir='ltr'>Gen.</span> <span class='ocrx_word' id='word_1_247' title='bbox 1062 2186 1105 2225; x_wconf 89' lang='lat' dir='ltr'>n⁰</span> <span class='ocrx_word' id='word_1_248' title='bbox 1137 2177 1267 2240; x_wconf 70' lang='lat'>864).</span> 
     </span>
    </p>
   </div>
   <div class='ocr_carea' id='block_1_12' title="bbox 99 2293 1800 2644">
    <p class='ocr_par' dir='ltr' id='par_1_12' title="bbox 99 2293 1800 2644">
     <span class='ocr_line' id='line_1_30' title="bbox 157 2293 1800 2350; baseline 0.001 -13"><span class='ocrx_word' id='word_1_249' title='bbox 157 2293 289 2349; x_wconf 83' lang='lat' dir='ltr'>Calyx</span> <span class='ocrx_word' id='word_1_250' title='bbox 315 2295 587 2338; x_wconf 87' lang='lat' dir='ltr'>ebracteatus</span> <span class='ocrx_word' id='word_1_251' title='bbox 611 2294 722 2338; x_wconf 92' lang='lat' dir='ltr'>lobis</span> <span class='ocrx_word' id='word_1_252' title='bbox 742 2296 767 2336; x_wconf 86' lang='lat'>5</span> <span class='ocrx_word' id='word_1_253' title='bbox 786 2294 1139 2348; x_wconf 87' lang='lat' dir='ltr'>persistentibus.</span> <span class='ocrx_word' id='word_1_254' title='bbox 1164 2293 1354 2337; x_wconf 86' lang='lat' dir='ltr'>Stamina</span> <span class='ocrx_word' id='word_1_255' title='bbox 1378 2307 1476 2338; x_wconf 92' lang='lat' dir='ltr'>cum</span> <span class='ocrx_word' id='word_1_256' title='bbox 1494 2296 1649 2350; x_wconf 84' lang='lat' dir='ltr'>petalis</span> <span class='ocrx_word' id='word_1_257' title='bbox 1677 2298 1701 2338; x_wconf 86' lang='lat'>5</span> <span class='ocrx_word' id='word_1_258' title='bbox 1728 2309 1800 2339; x_wconf 88' lang='lat' dir='ltr'>ca-</span> 
     </span>
     <span class='ocr_line' id='line_1_31' title="bbox 100 2353 1799 2409; baseline 0.001 -13"><span class='ocrx_word' id='word_1_259' title='bbox 100 2353 182 2407; x_wconf 86' lang='lat' dir='ltr'>lyci</span> <span class='ocrx_word' id='word_1_260' title='bbox 215 2354 393 2397; x_wconf 82' lang='lat' dir='ltr'>inserta.</span> <span class='ocrx_word' id='word_1_261' title='bbox 430 2353 731 2408; x_wconf 88' lang='lat' dir='ltr'>Carpellorum</span> <span class='ocrx_word' id='word_1_262' title='bbox 763 2353 865 2408; x_wconf 87' lang='lat' dir='ltr'>styli</span> <span class='ocrx_word' id='word_1_263' title='bbox 892 2353 1246 2406; x_wconf 87' lang='lat' dir='ltr'>subterminales,</span> <span class='ocrx_word' id='word_1_264' title='bbox 1289 2353 1488 2408; x_wconf 83' lang='lat' dir='ltr'>stigmate</span> <span class='ocrx_word' id='word_1_265' title='bbox 1523 2355 1707 2409; x_wconf 84' lang='lat' dir='ltr'>simplici</span> <span class='ocrx_word' id='word_1_266' title='bbox 1730 2357 1799 2398; x_wconf 92' lang='lat' dir='ltr'>vel</span> 
     </span>
     <span class='ocr_line' id='line_1_32' title="bbox 99 2412 1800 2467; baseline 0.002 -13"><span class='ocrx_word' id='word_1_267' title='bbox 99 2412 353 2467; x_wconf 87' lang='lat' dir='ltr'>capitellato.</span> <span class='ocrx_word' id='word_1_268' title='bbox 380 2413 543 2467; x_wconf 84' lang='lat' dir='ltr'>Drupae</span> <span class='ocrx_word' id='word_1_269' title='bbox 569 2413 899 2467; x_wconf 75' lang='lat' dir='ltr'>mono‘spermae,</span> <span class='ocrx_word' id='word_1_270' title='bbox 918 2412 1162 2466; x_wconf 89' lang='lat' dir='ltr'>pericarpio</span> <span class='ocrx_word' id='word_1_271' title='bbox 1186 2416 1391 2463; x_wconf 78' lang='lat' dir='ltr'>carnoso,</span> <span class='ocrx_word' id='word_1_272' title='bbox 1417 2414 1640 2467; x_wconf 88' lang='lat' dir='ltr'>putamine</span> <span class='ocrx_word' id='word_1_273' title='bbox 1673 2427 1800 2458; x_wconf 88' lang='lat' dir='ltr'>osseo</span> 
     </span>
     <span class='ocr_line' id='line_1_33' title="bbox 100 2471 1799 2528; baseline 0.001 -15"><span class='ocrx_word' id='word_1_274' title='bbox 100 2472 308 2525; x_wconf 85' lang='lat' dir='ltr'>ruguloso</span> <span class='ocrx_word' id='word_1_275' title='bbox 335 2473 380 2515; x_wconf 89' lang='lat' dir='ltr'>in</span> <span class='ocrx_word' id='word_1_276' title='bbox 404 2472 574 2514; x_wconf 88' lang='lat' dir='ltr'>baccam</span> <span class='ocrx_word' id='word_1_277' title='bbox 599 2471 824 2514; x_wconf 86' lang='lat' dir='ltr'>deciduam</span> <span class='ocrx_word' id='word_1_278' title='bbox 847 2484 982 2524; x_wconf 90' lang='lat' dir='ltr'>supra</span> <span class='ocrx_word' id='word_1_279' title='bbox 998 2482 1233 2513; x_wconf 83' lang='lat' dir='ltr'>convexam</span> <span class='ocrx_word' id='word_1_280' title='bbox 1260 2471 1417 2514; x_wconf 87' lang='lat' dir='ltr'>subtus</span> <span class='ocrx_word' id='word_1_281' title='bbox 1444 2485 1672 2515; x_wconf 88' lang='lat' dir='ltr'>concavam</span> <span class='ocrx_word' id='word_1_282' title='bbox 1699 2474 1799 2528; x_wconf 84' lang='lat' dir='ltr'>plus</span> 
     </span>
     <span class='ocr_line' id='line_1_34' title="bbox 100 2529 1799 2584; baseline 0.001 -12"><span class='ocrx_word' id='word_1_283' title='bbox 100 2529 243 2573; x_wconf 91' lang='lat' dir='ltr'>minus</span> <span class='ocrx_word' id='word_1_284' title='bbox 267 2535 472 2573; x_wconf 81' lang='lat' dir='ltr'>connatae.</span> <span class='ocrx_word' id='word_1_285' title='bbox 494 2530 755 2574; x_wconf 85' lang='lat' dir='ltr'>—Frutices</span> <span class='ocrx_word' id='word_1_286' title='bbox 789 2531 1046 2584; x_wconf 88' lang='lat' dir='ltr'>plerumque</span> <span class='ocrx_word' id='word_1_287' title='bbox 1069 2530 1331 2573; x_wconf 87' lang='lat' dir='ltr'>sarmentosi</span> <span class='ocrx_word' id='word_1_288' title='bbox 1354 2533 1397 2573; x_wconf 84' lang='lat' dir='ltr'>et</span> <span class='ocrx_word' id='word_1_289' title='bbox 1428 2532 1622 2583; x_wconf 83' lang='lat' dir='ltr'>aculeati,</span> <span class='ocrx_word' id='word_1_290' title='bbox 1653 2533 1799 2575; x_wconf 88' lang='lat' dir='ltr'>rarius</span> 
     </span>
     <span class='ocr_line' id='line_1_35' title="bbox 100 2587 1608 2644; baseline 0.002 -15"><span class='ocrx_word' id='word_1_291' title='bbox 100 2587 254 2640; x_wconf 72' lang='lat' dir='ltr'>herbae,</span> <span class='ocrx_word' id='word_1_292' title='bbox 280 2590 392 2633; x_wconf 87' lang='lat' dir='ltr'>foliis</span> <span class='ocrx_word' id='word_1_293' title='bbox 419 2589 596 2632; x_wconf 85' lang='lat' dir='ltr'>alternis</span> <span class='ocrx_word' id='word_1_294' title='bbox 623 2590 669 2631; x_wconf 88' lang='lat' dir='ltr'>in</span> <span class='ocrx_word' id='word_1_295' title='bbox 693 2589 858 2632; x_wconf 88' lang='lat' dir='ltr'>nostris</span> <span class='ocrx_word' id='word_1_296' title='bbox 885 2600 1059 2643; x_wconf 89' lang='lat' dir='ltr'>semper</span> <span class='ocrx_word' id='word_1_297' title='bbox 1084 2590 1349 2643; x_wconf 81' lang='lat' dir='ltr'>compositis,</span> <span class='ocrx_word' id='word_1_298' title='bbox 1376 2590 1608 2644; x_wconf 82' lang='lat' dir='ltr'>stipulatis.</span> 
     </span>
    </p>
   </div>
   <div class='ocr_carea' id='block_1_13' title="bbox 93 2730 1802 2904">
    <p class='ocr_par' dir='ltr' id='par_1_13' title="bbox 93 2730 1802 2904">
     <span class='ocr_line' id='line_1_36' title="bbox 93 2730 1799 2785; baseline -0.001 -12"><span class='ocrx_word' id='word_1_299' title='bbox 93 2730 118 2783; x_wconf 64' lang='grc' dir='ltr'>ἓ</span> <span class='ocrx_word' id='word_1_300' title='bbox 154 2733 189 2773; x_wconf 93' lang='grc'>1.</span> <span class='ocrx_word' id='word_1_301' title='bbox 223 2731 521 2776; x_wconf 78' lang='lat' dir='ltr'>Herbacei.</span> <span class='ocrx_word' id='word_1_302' title='bbox 542 2730 768 2774; x_wconf 80' lang='lat' dir='ltr'>-Caules</span> <span class='ocrx_word' id='word_1_303' title='bbox 800 2730 965 2774; x_wconf 86' lang='lat' dir='ltr'>fertiles</span> <span class='ocrx_word' id='word_1_304' title='bbox 993 2742 1016 2772; x_wconf 89' lang='lat' dir='ltr'>e</span> <span class='ocrx_word' id='word_1_305' title='bbox 1044 2731 1281 2774; x_wconf 85' lang='lat' dir='ltr'>rhizomatc</span> <span class='ocrx_word' id='word_1_306' title='bbox 1306 2731 1557 2785; x_wconf 87' lang='lat' dir='ltr'>persistenti</span> <span class='ocrx_word' id='word_1_307' title='bbox 1594 2730 1799 2773; x_wconf 88' lang='lat' dir='ltr'>herbacei</span> 
     </span>
     <span class='ocr_line' id='line_1_37' title="bbox 275 2789 1802 2845; baseline -0.001 -12"><span class='ocrx_word' id='word_1_308' title='bbox 275 2792 420 2833; x_wconf 87' lang='lat' dir='ltr'>annui.</span> <span class='ocrx_word' id='word_1_309' title='bbox 447 2790 630 2845; x_wconf 81' lang='lat' dir='ltr'>Stipulae</span> <span class='ocrx_word' id='word_1_310' title='bbox 661 2803 883 2832; x_wconf 86' lang='lat' dir='ltr'>ramorum</span> <span class='ocrx_word' id='word_1_311' title='bbox 906 2790 1114 2833; x_wconf 88' lang='lat' dir='ltr'>fertilium</span> <span class='ocrx_word' id='word_1_312' title='bbox 1145 2791 1306 2844; x_wconf 87' lang='lat' dir='ltr'>petiolo</span> <span class='ocrx_word' id='word_1_313' title='bbox 1340 2790 1413 2831; x_wconf 81' lang='lat' dir='ltr'>vix</span> <span class='ocrx_word' id='word_1_314' title='bbox 1444 2789 1624 2832; x_wconf 86' lang='lat' dir='ltr'>adnatae.</span> <span class='ocrx_word' id='word_1_315' title='bbox 1647 2814 1696 2820; x_wconf 95' lang='lat'>—</span> <span class='ocrx_word' id='word_1_316' title='bbox 1719 2789 1802 2832; x_wconf 89' lang='lat' dir='ltr'>Re-</span> 
     </span>
     <span class='ocr_line' id='line_1_38' title="bbox 273 2848 851 2904; baseline -0.002 -12"><span class='ocrx_word' id='word_1_317' title='bbox 273 2850 544 2904; x_wconf 87' lang='lat' dir='ltr'>ceptaculum</span> <span class='ocrx_word' id='word_1_318' title='bbox 566 2848 851 2892; x_wconf 85' lang='lat' dir='ltr'>discoideum.</span> 
     </span>
    </p>
   </div>
   <div class='ocr_carea' id='block_1_14' title="bbox 99 2957 1806 3072">
    <p class='ocr_par' dir='ltr' id='par_1_14' title="bbox 99 2957 1806 3072">
     <span class='ocr_line' id='line_1_39' title="bbox 161 2957 1803 3013; baseline -0.001 -14"><span class='ocrx_word' id='word_1_319' title='bbox 161 2958 197 2999; x_wconf 88' lang='lat'>1.</span> <span class='ocrx_word' id='word_1_320' title='bbox 230 2957 294 3000; x_wconf 86' lang='lat' dir='ltr'>R.</span> <span class='ocrx_word' id='word_1_321' title='bbox 330 2958 608 3001; x_wconf 76' lang='lat' dir='ltr'>saxatilis</span> <span class='ocrx_word' id='word_1_322' title='bbox 647 2958 717 3013; x_wconf 82' lang='lat' dir='ltr'>(L.</span> <span class='ocrx_word' id='word_1_323' title='bbox 762 2957 834 3011; x_wconf 88' lang='lat' dir='ltr'>Sp.</span> <span class='ocrx_word' id='word_1_324' title='bbox 880 2958 983 3008; x_wconf 84' lang='grc'>706)</span> <span class='ocrx_word' id='word_1_325' title='bbox 1018 2958 1215 3001; x_wconf 88' lang='lat' dir='ltr'>caulibus</span> <span class='ocrx_word' id='word_1_326' title='bbox 1255 2958 1493 3000; x_wconf 84' lang='lat' dir='ltr'>humilibus</span> <span class='ocrx_word' id='word_1_327' title='bbox 1530 2957 1803 3011; x_wconf 79' lang='lat' dir='ltr'>slmplicibus</span> 
     </span>
     <span class='ocr_line' id='line_1_40' title="bbox 99 3016 1806 3072; baseline 0.001 -15"><span class='ocrx_word' id='word_1_328' title='bbox 99 3016 256 3059; x_wconf 84' lang='lat' dir='ltr'>erectis</span> <span class='ocrx_word' id='word_1_329' title='bbox 280 3017 542 3072; x_wconf 89' lang='lat' dir='ltr'>petiolisque</span> <span class='ocrx_word' id='word_1_330' title='bbox 574 3029 704 3072; x_wconf 90' lang='lat' dir='ltr'>parce</span> <span class='ocrx_word' id='word_1_331' title='bbox 733 3016 1165 3070; x_wconf 81' lang='lat' dir='ltr'>setoso-aculeolatis,</span> <span class='ocrx_word' id='word_1_332' title='bbox 1190 3016 1303 3060; x_wconf 85' lang='lat' dir='ltr'>foliis</span> <span class='ocrx_word' id='word_1_333' title='bbox 1327 3017 1541 3060; x_wconf 89' lang='lat' dir='ltr'>viridibus</span> <span class='ocrx_word' id='word_1_334' title='bbox 1562 3016 1806 3071; x_wconf 89' lang='lat' dir='ltr'>pubescen-</span> 
     </span>
    </p>
   </div>
  </div>
 </body>
</html>
