2015 3227
168 167 364 214 Pranyos.
864 175 1172 202 UMBELLIFERAE.
1798 166 1871 203 943

168 253 344 296 lacinias
381 251 573 293 minutas
615 249 1006 303 oblongo-lineares
1046 248 1335 291 acutiusculas
1376 247 1422 290 in
1458 248 1606 302 planta
1645 248 1870 291 fructifera

165 313 317 354 auctas
340 309 526 363 partitis,
552 309 754 351 foliorum
781 308 1049 350 caulinorum
1074 306 1240 349 laciniis
1267 306 1415 360 paucis
1442 307 1667 360 elongatis,
1706 307 1869 349 umbel-

167 370 223 413 lis
242 369 433 412 breviter
448 365 741 419 5-7-radiatis‚
758 366 1005 409 involucelli
1029 366 1186 419 phyllis
1210 365 1636 408 lineari-lanceolatis
1656 366 1869 408 membra-

169 428 329 480 naceis,
363 427 530 469 fructas
572 425 801 480 majusculi
833 425 948 467 ovati
983 424 1192 478 pcdicello
1227 424 1358 477 duplo
1392 425 1597 478 longioris
1620 424 1699 466 alis
1728 438 1750 466 a
1778 424 1872 467 basi

167 485 661 541 spongioso-incrassata
702 485 787 526 late
832 483 1172 525 membranaceis
1215 494 1367 536 grosse
1408 487 1451 525 et
1502 484 1597 525 laxe
1649 483 1872 526 undulatis

168 546 362 598 margine
400 542 882 586 erosulo-tuberculatis
925 542 1103 584 seminis
1143 542 1270 583 diam.
1305 542 1532 585 latioribus
1586 548 1645 589 26.
1678 541 1871 595 Caelcrys

166 603 337 646 acauh's
360 616 438 645 nc.
464 601 618 644 Prodr.
646 601 718 654 IV,
743 614 781 654 p.
808 601 892 643 238
919 600 1096 655 (nomen
1130 600 1451 655 improprium).
1480 626 1537 632 —
1564 601 1765 653 Pranyos
1791 600 1873 642 lm-

169 662 288 704 milz's
313 662 451 703 Fiscli.
477 660 522 701 in
550 660 707 703 Ledeb.
735 659 796 702 Fi.
823 659 948 701 Ross.
976 659 1030 711 ΙΙ,
1056 672 1096 713 p.
1126 660 1224 701 359.
1250 683 1306 688 —
1331 659 1378 700 P.
1393 660 1566 702 cinerea
1591 659 1729 702 Boiss.
1756 659 1869 701 Ann.

167 720 237 764 Sc.
264 721 359 763 Nat.
389 718 514 767 1844,
539 732 582 773 p.
610 721 680 762 80.

215 795 315 830 Hal).
334 804 455 840 prope
474 793 803 829 Nackitschewan
825 792 1019 828 Armeniae
1041 792 1212 828 Rossicae
1236 795 1273 828 et
1291 792 1332 828 in
1351 792 1519 828 collibus
1536 793 1656 828 aridis
1675 793 1725 828 ad
1743 792 1873 828 lacum

166 841 486 934 ῗὲιῦἷῐηέἓὲιιῖῐον.
506 840 745 887 Aderbidjau
764 839 908 875 Persiae
927 839 1062 884 (Szovl
1089 840 1211 876 Auch.
1228 840 1323 876 4590
1342 841 1414 885 Al),
1433 840 1481 875 ad
1501 841 1635 876 ruinas
1654 840 1874 886 Persepolis

216 952 351 987 Caulis
368 951 519 998 pedalis
539 950 603 986 vel
622 950 747 986 multo
771 949 967 992 humilior,
991 949 1086 985 folia
1104 949 1291 985 radicalia
1308 950 1383 985 sub
1401 950 1556 986 anthesi
1574 950 1871 998 3-4-pollicaria‚

168 999 364 1035 fructifera
381 997 666 1044 6-9—pollicaria
691 996 844 1033 laciniis
871 998 994 1032 auctis
1022 997 1149 1043 magis
1182 996 1433 1033 distantibus.
1460 998 1692 1044 Mericarpia
1708 998 1730 1033 8
1748 998 1873 1034 lineas

167 1045 287 1092 longa
310 1056 396 1082 cum
427 1045 501 1081 alis
530 1045 554 1081 2
582 1045 707 1080 lineas
740 1045 818 1080 fere
849 1043 941 1080 latis
971 1044 993 1079 6
1023 1044 1148 1079 lineas
1177 1043 1267 1079 lata.
1290 1044 1445 1080 Collum
1464 1045 1606 1080 radicis
1625 1045 1734 1080 fibris
1754 1046 1872 1081 dense

167 1094 368 1140 stipatum.
387 1093 526 1128 Affinis
551 1091 598 1127 P.
621 1091 890 1139 odontopteroe
906 1091 1034 1126 differt
1062 1090 1135 1127 alis
1164 1091 1250 1126 basi
1274 1092 1496 1127 incrassatis
1515 1102 1585 1128 nec
1604 1104 1627 1127 a
1645 1093 1733 1128 basi
1751 1102 1873 1128 mem-

167 1140 373 1176 branaceis
390 1140 567 1186 margine
585 1139 753 1175 erosulis
771 1149 840 1175 nec
858 1149 949 1175 vere
967 1138 1227 1174 denticulatis.

232 1281 300 1322 18.
335 1279 392 1322 P.
419 1278 799 1322 tuberculata
825 1277 988 1333 (Boiss.
1017 1280 1060 1320 et
1085 1277 1291 1332 Haussk.)
1316 1279 1512 1321 breviter
1537 1281 1580 1320 et
1603 1280 1749 1332 patule
1784 1280 1872 1322 hir-

168 1339 286 1390 tella,
309 1339 431 1381 caule
464 1338 750 1391 subaugulato
779 1348 970 1391 superne
994 1336 1264 1391 corymboso‚
1286 1337 1397 1380 foliis
1423 1337 1684 1380 radicalibus
1706 1340 1871 1381 ambitu

166 1398 309 1441 ovatis
335 1398 379 1439 in
406 1397 583 1440 lacinias
621 1396 830 1451 rigidulas
874 1395 1033 1438 breves
1070 1396 1299 1439 latiuscule
1333 1397 1519 1439 lineares
1552 1397 1874 1441 obtusiusculas

167 1457 471 1500 canaliculatas
496 1455 718 1510 petiolulis
757 1455 897 1498 ultimi
935 1454 1104 1498 ordinis
1137 1455 1300 1498 similes
1341 1456 1660 1509 decompositis‚
1685 1457 1876 1499 caulino-

167 1528 267 1559 rum
292 1515 491 1558 brevium
518 1514 684 1557 laciniis
713 1514 1022 1568 subelongatis,
1048 1514 1250 1557 umbellis
1280 1514 1598 1567 7-10-radiatis‚
1624 1515 1875 1558 involucelli

168 1575 329 1630 phyllis
364 1573 842 1617 lanceolato-subulatis
884 1572 1108 1625 brevibus,
1146 1574 1313 1617 fructus
1350 1574 1578 1628 majusculi
1617 1575 1731 1616 ovali
1757 1575 1876 1628 pedi-

167 1634 276 1677 cello
299 1633 591 1686 sublongioris
615 1633 693 1676 alis
721 1645 745 1674 e
772 1632 865 1674 basi
897 1632 1390 1687 spongioso-incrassata
1422 1634 1504 1674 late
1534 1633 1874 1677 membranaceis

167 1705 320 1746 grosse
347 1695 390 1735 et
414 1693 513 1735 laxe
542 1692 763 1734 undulatis
791 1691 1086 1744 integerrimis
1110 1692 1289 1734 seminis
1314 1692 1439 1734 diam.
1468 1691 1710 1745 latioribus,
1744 1693 1876 1735 valle-

165 1752 277 1794 culis
304 1752 470 1794 minute
497 1751 960 1805 tuberculato-asperis
991 1754 1046 1796 26.

216 1825 315 1860 Hab.
337 1824 378 1860 in
396 1825 554 1870 regione
581 1824 715 1871 alpina
733 1825 927 1860 montium
948 1824 1039 1860 Kuh
1059 1824 1143 1860 Nur
1163 1826 1200 1859 et
1216 1824 1307 1860 Kuh
1325 1824 1480 1860 Sawers
1497 1823 1639 1860 Persiae
1658 1826 1875 1861 austro-oc-

165 1871 372 1908 cidentalis
391 1872 460 1908 alt.
479 1871 735 1908 9000’42000'
755 1871 976 1916 (Hausskl).

216 1936 355 1971 Affinis
380 1935 426 1971 P.
452 1935 638 1972 Szovitsz'z‘
665 1937 725 1971 sat
753 1935 906 1971 differre
936 1936 1092 1971 videtur
1129 1936 1240 1971 caule
1270 1935 1432 1980 elatiori,
1464 1935 1647 1971 foliorum
1678 1936 1758 1979 (8-9
1781 1935 1874 1982 poll.

169 1982 398 2029 longorum)
415 1983 566 2019 laciniis
584 1983 792 2018 latioribus
819 1983 1067 2029 longioribus
1086 1983 1167 2028 (3-5
1188 1983 1255 2018 lin.
1275 1982 1434 2028 longis);
1464 1983 1612 2018 fructus
1635 1983 1782 2018 similes
1802 1983 1872 2019 sed

168 2030 243 2066 alze
261 2031 439 2077 margine
459 2030 720 2076 integerrimae
738 2040 808 2066 nec
825 2030 1223 2066 eroso-tuberculatae.
1244 2030 1456 2066 Valleculae
1473 2030 1716 2066 echinulatae.

235 2162 298 2204 19.
335 2161 394 2204 Ρ.
421 2162 756 2214 Hermonis,
783 2165 921 2205 totum
948 2163 1046 2217 pilis
1074 2163 1235 2217 patulis
1262 2163 1331 2205 vel
1359 2162 1563 2216 crispulis
1591 2163 1870 2216 puberuluin,

165 2221 289 2262 caule
310 2220 897 2275 corymboso-ramosissimo‚
924 2222 1036 2264 foliis
1070 2221 1332 2264 radicalibus
1360 2222 1523 2264 ambitu
1551 2222 1688 2264 ovatis
1717 2221 1874 2274 tripin-

168 2279 389 2322 natisectis
423 2281 659 2333 segmentis
702 2281 850 2334 parvis
892 2281 936 2323 in
976 2281 1184 2324 lacinulas
1219 2281 1434 2323 confertas
1471 2282 1644 2323 strictas
1678 2280 1873 2322 breviter

167 2337 358 2380 lineares
385 2342 660 2382 mucronatas
688 2340 832 2392 sectis,
860 2339 1060 2382 umbellis
1096 2339 1387 2391 5-7-radiatis‚
1425 2340 1639 2382 involucri
1679 2342 1721 2380 ct
1750 2339 1874 2381 invo-

167 2396 310 2439 lucelli
338 2398 497 2452 phyllis
523 2398 1020 2441 lanceolam-linearibus
1056 2399 1278 2451 brevibus,
1317 2399 1459 2441 fructu
1497 2399 1706 2452 pediccllo
1742 2398 1870 2451 trIplo

167 2455 359 2509 longiore
380 2460 506 2499 ovato
529 2458 647 2511 apice
675 2458 801 2500 valde
827 2458 1052 2512 depresso.
1075 2458 1153 2500 alis
1180 2458 1310 2500 rectis
1336 2458 1428 2499 basi
1451 2457 1871 2511 spongioso-iucras-

167 2514 274 2557 satis
298 2516 488 2558 sectione
514 2519 766 2559 transversa
793 2516 1134 2570 triangularibus
1159 2517 1352 2569 margine
1374 2517 1555 2569 intcngS
1576 2516 1713 2558 acutis
1741 2514 1874 2557 meri·

168 2574 304 2627 carpii
327 2574 453 2616 diam.
477 2575 612 2617 multo
639 2576 964 2628 angustioribus
1002 2582 1060 2624 26.

217 2646 317 2682 Hah.
336 2648 377 2683 in
395 2648 501 2684 valle
520 2648 628 2695 Orny
646 2649 696 2684 ad
719 2648 822 2684 latus
850 2649 1038 2684 orientale
1063 2649 1207 2684 montis
1232 2648 1441 2684 Hermonis
1469 2648 1688 2683 Antilibani
1707 2648 1779 2683 sita
1808 2646 1874 2682 alt.

164 2692 272 2731 5000'
291 2694 381 2741 (ΚΥ.
401 2705 481 2730 exs.
499 2696 569 2731 216
587 2696 662 2731 sub
681 2695 726 2731 P.
745 2693 1053 2741 chez'lantlzzfolid
1065 2696 1105 2741 J).

215 2755 354 2792 Planta
370 2757 569 2793 fructifera
613 2758 737 2794 edalis
757 2759 820 2794 vel
839 2758 1137 2805 sesquipedalis,
1152 2759 1246 2794 folia
1263 2758 1449 2793 radicalia
1462 2758 1550 2793 6-10
1565 2757 1727 2804 pollices
1742 2757 1874 2801 longa,

168 2802 349 2839 lacinulae
367 2804 431 2840 2-3
449 2805 572 2840 lineas
608 2816 740 2851 ongae;
760 2806 931 2842 multum
951 2806 1070 2841 distat
1097 2817 1119 2841 a
1147 2806 1192 2841 P.
1211 2803 1519 2850 chez'lantlez'solid
1538 2805 1598 2840 cui
1618 2815 1684 2851 per
1703 2813 1873 2839 errorem

167 2847 365 2886 schedulae
382 2851 638 2888 adnumerata
656 2853 740 2899 fuit;
759 2853 906 2888 accedit
923 2853 1028 2888 foliis
1048 2855 1085 2887 et
1102 2853 1240 2899 petalis
1260 2853 1371 2887 hirtis
1406 2852 1450 2886 P.
1472 2852 1656 2889 Szovz'tsz'z'
1684 2854 1721 2886 ct
1748 2850 1871 2886 odon-

167 2898 330 2943 topleroe
347 2909 368 2933 a
387 2899 532 2945 quibus
550 2899 624 2935 alis
641 2900 818 2946 margine
836 2910 915 2935 non
934 2903 1000 2935 aut
1021 2900 1100 2944 vix,
1120 2910 1190 2937 nec
1210 2900 1289 2935 late
1307 2899 1615 2936 membranaceis
1636 2899 1774 2934 differt.
1794 2897 1876 2932 Me-

169 2942 333 2991 ricarpia
350 2946 413 2981 7-8
431 2945 497 2981 lin.
517 2946 635 2993 longa
653 2947 676 2982 4
692 2947 784 2983 lata.
