2015 3227
126 192 363 239 Saoeifraya.
610 231 612 234 Α
809 201 1142 227 SAXIFRAGACEAE.
1755 193 1821 229 811

123 273 324 321 cren-atis,
347 273 530 316 caulinis
556 272 690 316 nullis
716 274 785 316 vel
819 275 887 317 1-2
917 274 1106 317 minimis
1139 273 1298 316 trifidis
1331 276 1400 317 vel
1426 275 1684 327 linearibus,
1708 278 1827 329 peta-

124 333 174 376 lis
213 331 676 386 elliptico—lanceolatis
720 332 889 376 obtusis
930 335 1073 388 calyce
1117 333 1247 387 triplo
1299 334 1589 387 longIOribns‚
1636 335 1827 387 capsulae

123 392 278 434 rostris
301 391 642 444 divergentibus,
661 392 902 434 seminibus
919 392 1318 446 aiigulato-costatis
1344 397 1401 438 26.
1425 393 1468 435 S.
1491 392 1715 445 Olympe'ca
1730 405 1826 434 var.

121 449 412 504 microplzycla
433 450 488 504 pl.
519 462 609 492 exs.
633 450 764 505 Tayg.
794 453 903 493 1845
934 452 1045 494 -S.
1076 450 1210 493 Geum
1234 451 1298 492 Fl.
1322 452 1395 494 Gr.
1426 451 1581 493 Prodr.
1614 452 1641 502 Ι,
1671 465 1708 505 p.
1741 453 1826 493 276

121 521 207 551 non
230 509 275 550 L.

167 566 270 618 Hab'.
291 583 331 618 in
351 583 595 630 rupestribus
614 586 807 620 muscosis
832 585 1008 621 humidis
1038 586 1207 632 regionis
1236 586 1379 633 alpinae
1407 585 1575 631 Taygeti
1594 585 1696 620 infra
1715 586 1828 620 nives

121 630 205 666 loco
225 630 405 677 Koupata
423 630 526 666 dicto
544 633 582 666 et
598 631 782 667 Parnassi
801 633 988 678 (Heldri).

169 692 285 739 Scapi
316 693 371 728 eis
402 693 707 739 praecedentium
739 695 969 732 humiliores
995 697 1285 744 3—6-pollicares
1314 697 1509 732 interdum
1541 697 1708 737 unissori‚
1734 697 1830 732 solia

122 739 237 775 «liam.
256 740 320 776 6-7
336 740 462 775 lineas
480 739 562 776 lata
581 752 685 788 saepe
703 742 830 778 multo
849 744 1012 779 minora.

123 893 243 934 Siccr.
278 890 370 932 VII.
406 889 696 934 CYMBALARIA.
732 891 903 935 Griseb.
932 892 1045 947 Spic.
1077 893 1108 935 Ι.
1145 906 1184 946 p.
1209 894 1308 934 336.
1334 917 1386 922 -
1414 892 1561 934 Radia
1589 904 1741 934 (minua
1764 893 1832 935 vel

420 950 604 1004 biennis,
629 951 773 993 caules
798 951 941 994 annui
954 952 1136 1005 flaccidi
1155 951 1330 1004 folio-si,
1357 951 1493 1003 foliis
1521 951 1743 1003 petiolate’s
1766 952 1830 993 al-

420 1009 558 1053 ternis
581 1022 671 1051 non
693 1010 950 1062 fovcolatis.
996 1011 1134 1064 Calya:
1171 1010 1293 1054 liber.
1342 1010 1493 1053 Petala
1535 1022 1674 1062 supra
1701 1009 1829 1051 hasla

419 1081 529 1122 δωρεᾶ
548 1068 869 1121 hiylandulosa.
891 1069 1042 1112 Herhoe
1060 1073 1216 1112 tenerae
1226 1069 1491 1122 pedimculis
1509 1068 1723 1121 elonyatis
1744 1072 1828 1111 ter-

416 1128 658 1170 minalibus
679 1131 720 1170 et
744 1140 797 1170 ρετ,
823 1129 974 1171 amillis
997 1129 1229 1182 supremis.

805 1236 824 1253 *
874 1237 1010 1272 Petala
1028 1238 1140 1272 flava.

181 1322 248 1362 3⁰2.
283 1319 334 1363 S.
361 1319 693 1374 Sibtzhorpii
726 1319 888 1375 (Boiss.
926 1320 1079 1373 Diagn.
1116 1319 1208 1361 Ser.
1244 1319 1278 1370 Ι,
1311 1321 1357 1371 3,
1386 1331 1425 1372 p.
1467 1318 1542 1372 2⁶2)
1570 1318 1718 1370 glabra
1747 1330 1828 1371 pu—

122 1380 235 1431 mssa,
279 1380 387 1422 foliis
434 1380 744 1422 reniforinibus
788 1378 882 1421 basi
921 1380 1077 1433 angulo
1121 1382 1270 1432 aperto
1316 1378 1503 1420 cordatis
1546 1376 1829 1418 obtusissime

122 1438 426 1493 quinquelobis
453 1439 757 1493 superioribus
797 1439 974 1481 minutis
1011 1439 1150 1480 ovatis
1179 1438 1345 1480 trilobis
1373 1440 1416 1479 et
1440 1436 1639 1488 integris,
1670 1436 1827 1489 cnlycis

121 1498 247 1540 etiam
274 1497 453 1540 floriferi
481 1498 647 1540 laciniis
670 1498 808 1540 ovatis
833 1498 1001 1540 obtusis
1024 1497 1218 1545 reflexis,
1240 1497 1393 1551 petalis
1416 1495 1677 1537 aurantiacis
1705 1495 1828 1548 ellip-

120 1556 421 1610 tico—oblongis
447 1557 588 1610 calyce
616 1557 746 1610 triplo
775 1557 1042 1610 longioribus
1066 1556 1156 1598 basi
1184 1556 1368 1609 abrupte
1392 1559 1434 1597 et
1458 1553 1653 1596 breviter
1673 1554 1829 1607 ungui-

117 1616 286 1667 culatis‚
314 1615 491 1670 capsula
518 1619 642 1658 ovata
670 1616 857 1669 calycem
886 1616 958 1657 vix
993 1618 1231 1669 superante
1263 1614 1538 1667 stigmatibus
1578 1612 1829 1655 subsessili-

118 1675 201 1717 bus
221 1675 447 1729 apiculam,
472 1676 713 1718 seminibus
734 1675 985 1729 majusculis
1010 1674 1201 1727 globosis
1226 1673 1489 1716 laeviusculis
1532 1675 1700 1714 tantum
1744 1671 1826 1714 sub

120 1734 233 1776 lente
270 1734 412 1776 valido
440 1734 724 1777 tuberculatis
747 1734 814 1789 &-
839 1733 879 1776 S.
907 1733 1178 1787 cymbalaria
1206 1732 1342 1775 Sibtli.
1370 1733 1432 1774 Flo.
1467 1731 1603 1773 Graec.
1632 1730 1716 1773 tab.
1742 1732 1827 1772 378

118 1805 204 1835 non
225 1792 344 1835 alior.

163 1867 263 1903 Hab.
283 1867 334 1902 ad
350 1878 466 1914 rupes
484 1868 693 1903 umbrosas
715 1871 752 1902 et
770 1867 933 1913 frigidas
952 1867 1124 1911 regionis
1143 1866 1287 1912 alpinae
1315 1866 1496 1908 Graeciae,
1515 1864 1717 1909 Taygetus
1735 1861 1824 1897 loco

122 1914 305 1961 Koupata
324 1914 425 1950 dicto
443 1914 630 1960 (Heldrl).
649 1925 764 1950 mons
783 1915 928 1950 Olenos
947 1915 1012 1949 alt.
1025 1914 1129 1949 6000’
1149 1914 1305 1955 (Heldr'
1326 1913 1443 1959 Orph.
1462 1912 1517 1946 Fl.
1534 1912 1599 1946 Gr.
1615 1921 1694 1945 exs.
1711 1909 1828 1953 2230,

118 1961 338 1997 Parnassus
357 1962 517 2008 (Sprum
538 1962 707 2007 Heldrl)7
727 1972 841 1997 mons
865 1961 1008 2008 Delphi
1031 1961 1176 1996 Eubeoe
1196 1960 1381 2005 (Heldm).
1402 1958 1548 1994 F1.Jul.

164 2024 298 2060 Flores
317 2026 371 2061 eis
393 2025 430 2062 S.
451 2025 709 2071 cymbalarz'oe
726 2027 906 2071 maiores,
930 2026 1031 2060 inter
1048 2025 1182 2060 affines
1211 2024 1374 2059 floribus
1401 2019 1650 2060 aurantiacis‚
1677 2017 1824 2064 sepalis

120 2072 286 2117 reflexis,
305 2073 558 2118 stigmatibus
576 2072 781 2108 sessilibus
801 2075 839 2109 et
855 2072 1073 2108 seminibus
1092 2071 1320 2118 majusculis
1340 2070 1515 2115 insignis.

179 2219 246 2260 33.
281 2217 333 2262 S.
361 2218 733 2273 cymbalaria
756 2218 822 2273 (L.
852 2219 975 2273 Spec.
1010 2218 1116 2273 579)
1143 2219 1305 2271 glabra,
1330 2218 1440 2260 foliis
1464 2216 1827 2277 reniforrni-orbi-

120 2278 273 2320 culatis
298 2277 395 2320 sinu
424 2281 574 2331 aperto
598 2277 786 2320 cordatis
811 2279 880 2320 vel
905 2278 1119 2320 truncatis
1145 2289 1297 2327 grosse
1337 2277 1653 2319 5-13-dentatis
1689 2275 1827 2317 denti-

119 2337 201 2379 bus
223 2337 565 2390 triangularibus
591 2337 742 2385 acutis,
765 2337 877 2379 foliis
903 2337 1208 2391 superioribus
1231 2337 1374 2390 parvis
1401 2336 1572 2378 trilobis
1596 2339 1639 2377 et
1661 2335 1828 2376 lanceo-

118 2395 237 2447 latis‚
287 2396 444 2449 calycis
493 2395 658 2437 laciniis
698 2396 945 2438 lanceolatis
990 2396 1226 2438 fructiferis
1274 2395 1625 2448 erecto-patulis.
1672 2395 1826 2447 petalis

120 2454 493 2509 lineari-ellipticis
518 2454 688 2497 obtusis
712 2455 854 2509 calyce
883 2456 1128 2508 quadruplo
1154 2454 1423 2508 longioribus
1447 2454 1536 2495 basi
1562 2454 1604 2495 in
1635 2465 1825 2506 unguem

115 2512 426 2556 brevissimum
452 2513 637 2567 abrupte
669 2514 926 2566 attenuatis,
953 2515 1140 2567 capsulae
1173 2516 1316 2567 calyce
1353 2513 1571 2566 subduplo
1617 2512 1827 2565 longioris

119 2571 244 2625 stylis
269 2572 479 2630 brevibus
502 2572 577 2614 vix
602 2572 949 2626 divergentibus,
978 2573 1219 2615 seminibus
1249 2573 1438 2614 minimis
1472 2572 1611 2614 ovans
1635 2571 1825 2613 obsolete

114 2631 400 2673 tuberculatis
432 2636 478 2682 Θ
510 2631 581 2673 vei
609 2632 676 2686 .-
709 2631 760 2673 Ic.
791 2631 930 2674 Buxb.
962 2631 1080 2674 Ccnt.
1107 2632 1158 2675 [Ι.
1176 2632 1258 2673 tab.
1286 2633 1354 2679 45,
1376 2632 1444 2681 fig.
1472 2632 1509 2671 ²2.
1535 2630 1645 2673 —S.
1672 2628 1824 2671 Orien-

117 2689 219 2731 talis
241 2689 361 2743 Jacq.
385 2689 485 2732 Obs.
514 2690 602 2732 tab.
626 2692 693 2732 34.
710 2691 822 2733 —S.
850 2691 1082 2734 laederaeea
1110 2691 1218 2732 MR.
1249 2691 1375 2732 Taur.
1402 2689 1528 2732 Gauc.
1559 2690 1590 2733 Ι,
1616 2704 1652 2743 p.
1681 2689 1762 2730 317
1783 2691 1826 2730 et

118 2747 293 2790 Sternb.
316 2747 412 2790 Sax.
449 2748 599 2803 Suppl.
639 2750 723 2791 tab.
766 2752 816 2793 16
846 2750 1000 2805 (flores
1024 2750 1207 2792 erronee
1226 2749 1332 2795 albi)
1349 2761 1432 2791 nou
1454 2748 1497 2789 L.
1527 2774 1577 2778 —
1599 2749 1638 2791 S.
1666 2747 1826 2789 'retien-

116 2805 206 2848 lata
229 2807 299 2849 W.
327 2819 379 2849 ex
404 2807 579 2850 Sternb.
608 2808 714 2850 Rev.
738 2822 829 2863 pag.
860 2811 928 2851 021.
952 2810 1034 2851 tab.
1067 2810 1131 2850 13.

164 2879 264 2915 Hab.
285 2880 323 2915 in
346 2880 543 2916 umbrosis
563 2881 765 2926 sylvaticis
783 2884 821 2917 et
839 2883 888 2917 ad
908 2882 1165 2927 scaturigines
1186 2881 1384 2926 Bithynice
1405 2881 1452 2916 ad
1472 2880 1571 2915 Bolu
1588 2879 1734 2924 (Pestal
1747 2881 1772 2921 ἱ)
1787 2881 1825 2913 et

116 2926 156 2961 in
176 2926 347 2974 Olympo
366 2927 539 2973 Bithyno
555 2929 704 2974 (Noel),
724 2929 918 2965 Anatolize
939 2930 1021 2964 bor.
1042 2929 1091 2964 ad
1111 2929 1308 2974 Toptsciia
1328 2932 1364 2963 et
1383 2929 1421 2962 in
1441 2931 1572 2963 monte
1591 2926 1822 2971 Iyldisdagii

116 2973 295 3019 (Wied1)‚
330 2976 526 3010 Armeniae
557 2976 730 3011 Turcicae
759 2976 901 3020 (Tchili
914 2978 950 3022 !)‚
981 2977 1093 3012 Ponti
1124 2986 1244 3022 prope
1279 2975 1564 3021 Trapezuntem
1595 2974 1745 3019 Bourgl
1784 2975 1828 3007 et.
