2065 3236
247 203 321 239 692
996 212 1199 240 ROSACEAE.
1802 207 1951 246 Bubus.

241 284 362 329 tibus
385 285 568 341 ternatis
594 285 748 329 foliolis
782 286 1075 330 rhomboideis
1101 287 1356 330 lateralibus
1383 287 1628 341 sessilibus‚
1657 288 1842 332 floribus
1871 291 1949 334 3-6

241 345 545 396 terminalibus
563 345 846 400 corymbosis‚
871 346 1036 389 laciniis
1062 346 1217 400 calycis
1230 347 1370 400 petala
1384 346 1745 401 subaequantibus
1764 348 1939 392 demum

242 403 434 457 reflexis,
454 404 606 459 pet-alis
624 405 771 459 parvis
793 405 1177 459 lineari—oblongis,
1195 406 1393 460 carpellis
1411 406 1562 460 paucis
1579 406 1729 449 rubris
1756 408 1949 462 turgidis

252 469 313 510 26.
340 463 460 518 Eugl.
482 464 568 507 bot.
594 464 678 506 tab.
707 465 834 506 2233.

288 537 389 573 Hab.
407 538 447 574 in
468 537 656 585 lapidosis
686 538 906 585 subalpinis
924 540 962 574 et
981 538 1137 585 alpinis,
1155 537 1350 585 Olympus
1373 538 1592 575 Thessalus
1610 538 1753 584 (Heldr
1766 541 1802 585 l),
1821 540 1943 588 Alpes

236 583 354 620 Ponti
378 585 507 621 Lazici
524 586 575 621 ad
592 585 729 631 Djimil
747 586 814 621 alt.
831 585 936 622 ‘³000’
963 586 1097 632 (Ball),
1119 586 1263 622 Tauria
1279 586 1434 631 (Stev.)‚
1462 587 1663 622 Caucasus
1686 587 1946 624 occidentalis

240 634 279 668 et
297 632 469 669 Ibericus
489 633 647 677 (Lebeb.
666 633 819 681 Rupri).
840 633 895 669 Fl.
914 634 1071 686 ineunte
1090 635 1235 669 aestate.

285 697 348 733 Ar.
376 697 506 743 Geoqr.
533 697 690 744 Europa
706 699 923 745 praesertim
940 698 1112 735 borealis
1131 701 1169 735 et
1186 699 1324 745 media,
1341 698 1498 746 Sibiria,
1515 698 1705 752 Dahuria.

236 853 259 909 g
294 854 336 895 2.
372 854 684 899 Fruticosi.
703 880 739 886 -
767 853 922 898 Caules
948 855 1154 899 fruticosi.
1185 854 1369 910 Stipulae
1390 855 1547 910 petiole
1573 855 1751 898 adnatae.
1779 855 1948 912 Recep-

416 915 607 958 taculum
631 915 839 959 conicum.

569 1022 589 1040 *
638 1022 749 1059 Folia
770 1023 943 1071 pinnata.
964 1023 1088 1060 Bacca
1105 1034 1128 1059 a
1144 1023 1389 1071 receptaculo
1411 1022 1611 1060 secedens.

298 1112 336 1152 2.
372 1110 432 1152 R.
470 1109 668 1155 Idaeus
708 1111 773 1167 (L.
797 1111 875 1166 Sp.
911 1112 1016 1163 706)
1059 1112 1255 1155 caulibus
1289 1113 1504 1155 teretibus
1542 1113 1697 1156 erectis
1737 1113 1941 1165 ramosis,

233 1170 397 1213 aculeis
422 1171 631 1213 tenuibus
655 1172 799 1223 rectis,
827 1172 938 1214 soliis
963 1172 1215 1227 hypoleucis
1241 1172 1542 1226 superioribus
1570 1173 1752 1215 ternatis
1787 1173 1944 1216 foliolis

233 1230 374 1272 ovatis
402 1231 620 1284 superiori
645 1231 833 1277 cordato.
861 1231 1042 1274 floribus
1069 1232 1324 1276 axillaribus
1349 1232 1553 1275 solitariis
1572 1233 1640 1274 vel
1663 1232 1942 1284 fasciculatis,

234 1289 396 1343 sepalis
419 1289 668 1333 lanceolatis
695 1291 949 1334 acuminatis
979 1291 1182 1344 reflexis,
1208 1291 1365 1346 petalis
1390 1295 1574 1347 anguste
1600 1292 1797 1335 obovatis
1821 1304 1941 1334 erec-

233 1348 303 1397 tis.
324 1349 470 1392 fructu
492 1349 626 1393 rubro
650 1351 763 1394 hirto
786 1357 821 1399 5.
840 1350 904 1393 Fl.
935 1351 1041 1393 Dan.
1065 1351 1148 1394 tab.
1175 1353 1273 1394 788.

281 1423 383 1459 Hah.
414 1424 455 1458 in
481 1424 686 1470 sylvaticis
713 1424 976 1472 Peloponnesi
1004 1426 1071 1471 (ex
1095 1425 1203 1471 Bory
1221 1428 1258 1462 et
1277 1420 1457 1472 Chaub.){
1490 1426 1676 1463 Parnassi
1699 1427 1765 1473 (ex
1782 1425 1940 1473 Sibai),

203 1499 206 1501 .
234 1469 476 1507 Macedoniae
494 1483 613 1519 supra
630 1472 776 1509 Bitolia
792 1474 963 1521 (Orpht),
976 1474 1092 1511 Ponti
1110 1473 1238 1511 Lazici
1252 1473 1316 1510 alt.
1335 1473 1442 1510 5400’
1463 1474 1601 1520 (Ball),
1621 1474 1779 1510 Tauriae
1793 1474 1941 1522 (Stev.)‚

232 1516 400 1554 Caucasi
427 1521 464 1555 et
480 1531 591 1567 prov.
611 1521 1030 1558 Transcaucasicarum
1048 1521 1236 1568 (Ledeb.).
1259 1521 1315 1559 Fl.
1335 1521 1429 1559 Jun.

231 1583 339 1665 ΑΔΓ.
368 1584 500 1637 Geqqr.
526 1584 684 1632 Europa
702 1586 830 1622 omnis
848 1586 889 1621 in
906 1586 1206 1623 australioribus
1233 1586 1481 1635 subalpfflus,
1504 1587 1649 1623 Sibiria
1666 1588 1749 1623 tota
1766 1587 1804 1623 et
1828 1586 1940 1632 regio

269 1641 476 1667 murenffls.

389 1777 408 1795 *
458 1777 478 1795 *
528 1779 638 1815 Folia
657 1782 809 1816 ternata
830 1780 895 1817 vel
907 1781 1085 1827 quinata.
1099 1781 1406 1829 Receptaculum
1424 1782 1553 1819 baccae
1572 1781 1791 1818 adhaerens.

647 1854 689 1896 -ξ-
740 1852 880 1888 Caules
897 1854 1036 1889 teretes
1055 1853 1119 1889 vel
1138 1853 1300 1889 obscure
1318 1855 1439 1900 angui
1456 1854 1509 1891 iti.

288 1944 328 1985 3.
367 1943 426 1986 R.
456 1944 673 1988 caesius
701 1943 765 2000 (L.
797 1945 869 2000 Sp.
907 1945 1010 1999 706)
1041 1945 1238 1989 caulibus
1264 1946 1478 1989 teretibus
1510 1946 1745 2001 prostratis
1768 1945 1935 2001 glabris

225 2003 449 2056 pruinosis
470 2005 668 2049 ramosis.
692 2005 851 2048 aculeis
875 2006 1080 2049 tenuibus
1105 2007 1236 2049 rectis
1259 2006 1329 2048 vel
1355 2006 1550 2049 reversis
1567 2041 1577 2060 ‚
1600 2006 1713 2049 foliis
1749 2009 1935 2050 ternatis

225 2063 451 2105 rarissime
477 2063 667 2117 quinatis
699 2065 915 2109 viridibus
940 2065 1095 2108 foliolis
1132 2067 1272 2108 ovatis
1304 2065 1559 2108 lateralibus
1594 2065 1934 2120 subsessilibus‚

224 2122 408 2164 racemis
430 2124 713 2176 corymbosis‚
741 2126 902 2179 sepalis
940 2125 1208 2178 glandulosis
1241 2126 1311 2168 vel
1350 2124 1643 2178 eglandulosis
1679 2126 1934 2169 lanceolatis

219 2181 478 2223 acuminatis
504 2182 642 2226 fructu
673 2187 847 2227 maturo
868 2185 1107 2238 adpressis,
1134 2185 1287 2239 petalis
1321 2184 1429 2227 albis
1454 2184 1608 2233 ovatis,
1631 2184 1782 2227 fructu
1802 2184 1926 2239 nigro

222 2238 349 2283 caesio
376 2247 410 2288 5.
432 2241 550 2295 Engl.
579 2242 665 2285 bot.
689 2243 772 2285 tab.
802 2245 900 2286 826.
922 2269 976 2273 -
1001 2243 1071 2285 W.
1098 2248 1140 2286 et
1166 2244 1216 2285 N.
1240 2244 1351 2287 Rub.
1386 2243 1530 2286 Germ.
1560 2242 1645 2286 tab.
1670 2245 1727 2286 46
1755 2244 1806 2286 A.

268 2312 371 2348 Hab.
398 2314 438 2348 in
472 2314 640 2351 dumetis
671 2317 868 2352 montanis
898 2317 1058 2364 Olympi
1092 2317 1275 2353 Thessali
1308 2316 1469 2364 (Orphll
1482 2346 1490 2362 ‚
1522 2316 1766 2353 Macedoniae
1805 2318 1928 2362 (Friv.

221 2359 378 2406 Orphl).
396 2361 558 2409 Olympi
570 2362 733 2406 Bithyni
751 2364 929 2409 (Sibtln),
943 2365 1056 2400 Ponti
1074 2365 1272 2410 (Bourgl)‚
1291 2364 1540 2401 Cataoniaein
1550 2367 1682 2400 monte
1695 2364 1929 2412 Berytdagh

218 2407 619 2453 (Haussk1)‚'Tauriae
633 2410 783 2455 (δίεν),
802 2411 966 2448 Caucasi
983 2414 1021 2448 et
1038 2423 1146 2458 prov.
1169 2412 1592 2448 Transcaucasicarum
1609 2412 1758 2457 (Ledeb
1779 2414 1807 2458 )‚
1827 2412 1927 2449 Cau-

218 2465 308 2491 caso
330 2455 371 2490 in
387 2456 496 2491 distri
514 2457 649 2503 Alagir
668 2461 704 2494 et
722 2458 992 2504 Daghestania
1009 2460 1272 2506 (Ruprechu),
1289 2460 1432 2495 Persiae
1451 2460 1533 2495 bor.
1552 2460 1594 2494 in
1635 2470 1716 2495 rov.
1731 2460 1928 2496 Aderbid-

212 2502 282 2547 jan
302 2502 479 2548 (Szowi).
498 2504 645 2540 Ghilan
663 2505 850 2550 (Buhsel)
876 2509 912 2542 et
929 2507 966 2542 in
986 2511 1118 2542 monte
1145 2507 1289 2542 Elburs
1307 2507 1357 2542 ad
1373 2507 1565 2553 Passgala
1588 2508 1605 2552 (
1643 2517 1678 2553 y.
1698 2517 1787 2542 exs.
1805 2507 1875 2543 437
1887 2509 1924 2553 Ι),

215 2549 472 2585 Kurdistania
488 2551 643 2588 Persica
661 2557 698 2588 et
715 2553 848 2589 Persia
866 2554 1138 2590 austro-occid.
1157 2554 1382 2599 (Hausskl).
1401 2554 1458 2590 Fl.
1477 2555 1565 2593 Jun.

261 2614 325 2649 Ar.
356 2614 492 2660 Geoqr.
520 2615 678 2662 Europa
694 2618 787 2662 tota,
806 2617 946 2653 Sibiria
972 2617 1177 2654 Uralensis
1198 2620 1235 2653 et
1251 2617 1417 2654 Altaica.

273 2757 312 2798 4.
348 2756 409 2800 R.
436 2768 795 2813 nemorosus
813 2759 985 2814 (Hayne
1000 2760 1131 2802 Arzn.
1152 2763 1179 2802 t.
1199 2761 1238 2812 3,
1257 2759 1341 2803 tab.
1371 2759 1444 2815 10)
1461 2758 1658 2802 caulibus
1681 2757 1922 2812 gracilibus

211 2816 447 2868 prostratis
472 2816 544 2858 vix
566 2817 787 2861 fruticosis
828 2819 1042 2861 teretibus
1074 2831 1265 2873 superne
1293 2820 1514 2873 ramisque
1553 2818 1708 2861 obtuse
1747 2817 1921 2870 angula-

209 2874 281 2921 tis.
304 2876 466 2917 aculeis
503 2876 709 2919 tenuibus
747 2878 839 2920 basi
873 2878 1146 2920 subililatatis
1192 2878 1348 2930 rectiS,
1381 2879 1495 2920 foliis
1540 2877 1723 2919 ternatis
1774 2876 1919 2918 rariils

210 2934 402 2986 quinatis
431 2934 587 2978 subtus
620 2937 770 2989 pilosis
805 2937 873 2978 vel
906 2937 1162 2979 tomeutosis
1195 2938 1350 2980 foliolis
1375 2937 1752 2979 rhombeo-ovatis
1780 2935 1916 2978 acutis

208 2992 464 3036 lateralibus
491 2995 820 3046 subsessilibus,
845 3008 1012 3038 racemo
1041 3009 1212 3039 ramoso
1236 2996 1448 3049 fastigiato
1476 2996 1613 3049 piloso
1650 2995 1716 3037 vel
1750 2997 1921 3037 tomeu-
