2045 3227
103 199 343 246 Astraqalus
367 198 445 245 (IV.
464 198 718 246 Oxyglottis).
838 209 1113 236 LEvanNOSAE.
1727 207 1798 243 225

104 282 264 336 duplici
293 294 472 324 sursum
497 281 705 336 adpressa
727 281 909 335 longiori
935 282 1028 324 basi
1049 283 1318 326 tuberculata
1336 284 1486 327 obsitis
1512 290 1573 336 Θ.
1615 287 1669 330 Ic.
1693 288 1793 342 Bge.

102 342 157 396 pl.
186 341 330 383 Lebm.
360 340 442 382 tab.
475 342 538 382 14.
562 365 616 370 -
638 340 688 382 A.
714 339 1229 392 tribulzformis'Hocbst.
1263 342 1362 385 Mss.
1391 344 1434 386 in
1461 345 1517 398 pl.
1546 346 1732 401 Scbimp.

148 415 250 450 Hab.
280 415 320 449 in
338 414 449 450 siccis
467 417 506 450 et
530 414 704 450 arenosis
723 413 882 460 AEgypti
908 414 955 449 ad
978 414 1261 451 Alexandriam
1288 419 1325 452 et
1349 418 1387 452 in
1407 418 1569 454 desertis
1588 420 1695 463 (Doll
1716 420 1793 456 Eh-

103 462 220 498 renbi
244 461 435 505 Samars),
462 462 617 496 Arabiae
633 462 777 496 Petreae
796 464 833 496 et
858 461 908 496 ad
926 461 1074 497 radices
1103 461 1211 497 Sinai
1249 464 1387 507 (Auch.
1408 465 1524 509 1309',
1555 466 1667 502 Boiss
1681 470 1718 512 1),
1748 468 1795 503 de

105 509 196 544 serti
213 508 335 554 Syriae
355 508 420 552 (Bl
433 509 786 553 !)‚Transcaucasiae
800 508 858 552 (C.
874 509 917 543 A.
933 508 1011 553 M),
1030 509 1171 544 Persiae
1184 510 1223 544 in
1243 521 1350 556 prov.
1367 512 1605 559 Aderbidjan
1618 514 1746 558 (Szow
1759 517 1795 561 l),

106 555 246 591 Persiae
264 555 470 591 orientalis
489 555 641 600 (Egel),
661 554 930 590 Turkestaniae
949 555 1089 599 (Lehm
1107 558 1147 602 l),
1163 556 1396 593 Belutschiae
1412 559 1565 603 (Stocks
1577 562 1616 605 !),
1634 564 1700 596 etc.

150 618 367 665 Legumina
382 619 447 654 4-5
464 619 530 657 lin.
549 618 677 664 longa.

157 684 201 739 β.
229 683 439 725 minutus.
466 708 519 712 —
553 683 702 725 Flores
735 681 912 725 dimidio
943 683 1132 725 minores
1156 684 1180 724 2
1208 684 1279 726 lin.
1308 685 1437 739 longi,
1473 687 1689 740 legumina
1723 688 1796 730 ab-

102 743 293 786 breviata
336 743 360 784 3
397 742 469 784 lin.
505 742 642 795 longa,
681 741 837 795 calycis
871 741 1033 783 laciniae
1070 742 1385 795 sublongiores.
1425 769 1475 775 —
1512 746 1562 787 A.
1597 746 1795 789 minutus

101 801 237 844 Boiss.
265 801 415 854 Diagn.
444 800 536 843 Ser.
574 801 604 853 1,
637 802 677 852 9,
712 812 752 854 p.
789 802 843 842 58
870 804 912 842 et
951 800 1000 842 A.
1035 805 1288 852 erpoeaucos
1325 802 1462 846 Boiss.
1510 805 1661 847 eodem
1705 806 1795 848 loco

97 860 252 916 (forma
285 860 480 902 caulibus
513 859 723 912 elongatis
749 860 881 901 arena
914 859 1129 913 sepultis).
1161 884 1215 891 —
1242 859 1290 902 A.
1317 863 1589 914 perpusilms
1625 864 1785 906 Bertol.

101 917 259 962 Comm.
288 919 449 961 Bonon.
478 918 549 971 VI,
574 919 670 959 ⁶230.

146 992 246 1027 Hab.
271 992 312 1027 in
330 991 500 1038 AEgypto
524 991 704 1027 inferiore
730 991 991 1037 (Schweinfl)‚
1017 992 1162 1028 Arabia
1186 993 1337 1029 Petraea
1366 995 1465 1030 inter
1489 995 1616 1031 Nuckl
1636 998 1673 1031 et
1691 997 1797 1033 Gaza

101 1038 231 1084 (Boiss
241 1041 277 1084 1),
298 1039 580 1085 Mesopotamia
597 1038 743 1083 (Chesn
753 1040 789 1083 1),
808 1038 1032 1084 Babylonia
1049 1040 1196 1084 (Noel).
1212 1041 1347 1076 Persia
1364 1041 1414 1076 ad
1428 1042 1605 1077 Teberan
1617 1042 1698 1089 (Ky
1711 1044 1755 1078 41
1770 1046 1796 1089 l)

104 1088 142 1122 et
165 1086 334 1133 Ispahan
353 1085 492 1130 (Auch.
512 1085 604 1121 4419
620 1086 656 1130 1),
675 1085 887 1131 Affghania
906 1085 1024 1130 (Griff
1036 1087 1073 1131 1),
1091 1086 1316 1123 Belutschia
1333 1088 1488 1133 (Stocks
1501 1091 1537 1134 1).

158 1171 197 1211 y.
231 1150 551 1203 leiocarpus.—
577 1148 731 1192 Caules
743 1149 1136 1193 brevissimiarena
1155 1153 1315 1206 sepulti
1332 1153 1538 1196 indurati.
1560 1153 1793 1207 Legumina

100 1211 228 1253 etiam
245 1210 416 1263 juniora
443 1209 590 1262 glabra
608 1209 869 1251 subarcuata
892 1212 1144 1252 transverse
1167 1223 1339 1254 venosa.
1359 1237 1408 1242 -—
1442 1214 1492 1254 A.
1518 1224 1794 1268 ammocryp—

99 1270 170 1311 tus
193 1268 329 1311 Boiss.
352 1268 501 1321 Diagn.
525 1267 615 1309 Ser.
641 1267 672 1319 I,
700 1268 739 1320 9,
763 1280 800 1321 p.
831 1269 900 1310 60.

145 1342 245 1377 Hal).
270 1342 307 1377 in
331 1341 492 1377 desertis
508 1341 557 1376 ad
575 1341 671 1376 fines
686 1341 892 1376 Palestinae
910 1341 1041 1386 (Boiss
1056 1344 1094 1388 l),
1120 1343 1160 1378 in
1178 1343 1311 1379 Persia
1329 1344 1509 1380 orientali
1560 1355 1651 1392 rope
1674 1345 1797 1381 Ssert-

101 1389 254 1433 schah(
260 1389 337 1435 Bge
347 1391 383 1433 1).
402 1389 603 1424 Praeeunte
620 1388 665 1422 cl.
686 1388 775 1434 Bge.
796 1399 861 1424 eas
880 1389 1088 1425 varietates
1106 1390 1157 1425 ad
1172 1390 1219 1425 A.
1239 1390 1482 1427 tribuloe'dem
1497 1402 1535 1427 a.
1551 1393 1648 1428 duco
1665 1394 1726 1428 cui
1739 1394 1795 1428 in-

102 1437 298 1472 termediis
317 1437 618 1481 conjunguntur.

144 1500 205 1536 Ar.
226 1500 358 1545 Geoqr.
390 1499 522 1534 Insula
540 1497 787 1534 Canariensis
810 1499 1105 1536 Fortaventura.
1122 1500 1232 1536 India
1249 1501 1679 1539 boreali-occidentalis.

158 1647 197 1689 6.
222 1646 283 1688 A.
312 1644 719 1701 pseudostella
741 1645 856 1700 (Del.
882 1647 953 1699 Eg.
983 1646 1148 1701 Suppl.‚
1174 1661 1212 1701 p.
1240 1648 1317 1703 64)
1346 1649 1578 1703 subpatule
1605 1650 1796 1703 griseus,

101 1705 294 1747 caulibus
334 1705 596 1747 abbreviatis
639 1705 823 1756 diffusi&
862 1706 1017 1748 foliolis
1053 1707 1252 1760 ellipticis
1294 1709 1551 1762 8-lO-jugis,
1590 1709 1793 1762 capitulis

100 1764 351 1806 axillaribus
378 1764 691 1806 subsessilibus
713 1764 944 1817 5-6-ssoris‚
969 1765 1126 1818 calycis
1153 1767 1670 1820 campanulato-tubulosi
1694 1768 1799 1810 den-

99 1823 216 1865 tibus
243 1823 345 1865 tubo
386 1823 653 1876 aequilongis,
684 1823 975 1875 leguminibus
1014 1825 1218 1867 stellatirn
1255 1826 1582 1879 divergentibus
1612 1827 1797 1880 oblongo

100 1882 168 1924 vel
194 1881 627 1934 lanceolam-trigonis
665 1882 800 1924 acuns
846 1883 1121 1925 rectiusculis
1148 1885 1263 1938 pube
1297 1884 1458 1937 duplici
1495 1885 1798 1938 patentissima

100 1941 292 1994 longiore
319 1941 410 1983 basi
440 1941 708 1983 tuberculata
741 1940 893 1983 obsitis
925 1946 988 1992 O.
1023 1941 1071 1983 A.
1098 1941 1302 1985 Sinaimts
1334 1943 1471 1985 Boiss.
1508 1944 1661 1997 Diagn.
1704 1945 1796 1987 Ser.

104 1999 133 2051 Ι,
159 2001 197 2052 9,
223 2012 261 2053 p.
282 2001 401 2041 5..—
432 1999 480 2040 A.
510 1998 641 2041 Stella
667 2012 759 2041 var.
784 1999 1043 2052 acute'folesszcs
1067 2001 1182 2043 Dess.
1202 2002 1286 2044 Atl.
1311 2002 1362 2054 ll,
1381 2015 1420 2056 p.
1450 2004 1529 2044 187
1552 2003 1627 2057 [ex
1656 2003 1791 2056 Ege).

150 2072 251 2108 Hah.
271 2073 309 2108 in
325 2073 464 2108 Atticae
483 2073 602 2108 aridis
621 2074 672 2109 ad
690 2084 811 2120 prom.
830 2074 994 2110 Sunium
1016 2076 1052 2110 et
1066 2075 1166 2111 inter
1180 2075 1408 2111 Heracleam
1423 2078 1459 2111 et
1474 2077 1657 2122 Athenas,
1677 2079 1716 2112 in
1732 2079 1800 2112 Ar-

103 2119 231 2166 golide
250 2130 370 2166 prope
390 2120 634 2166 Epidaurum
659 2120 821 2166 (Sprunl
841 2121 978 2156 Heldrl
1010 2122 1148 2157 Boissi
1174 2122 1223 2169 pl.
1249 2134 1327 2158 exs.
1349 2123 1424 2158 sub
1453 2123 1498 2158 A.
1518 2125 1721 2171 sesameo).
1740 2126 1797 2159 in-

103 2167 190 2202 sula
206 2167 306 2202 Chio
323 2167 464 2211 (Auch.
483 2168 624 2213 13101),
642 2168 812 2215 AEgypto
827 2169 1000 2213 (Delile),
1018 2169 1170 2205 deserto
1186 2171 1329 2205 montis
1351 2170 1458 2205 Sinai
1478 2172 1617 2215 (Auch.
1636 2172 1763 2215 1309!)

150 2229 271 2265 Valde
298 2231 423 2265 affinis
449 2231 496 2266 A.
522 2230 732 2275 tribuloidz',
751 2231 883 2266 differt
899 2232 1097 2278 legumine
1117 2233 1238 2279 duplo
1263 2233 1401 2278 majori
1423 2234 1572 2270 5-71111.
1593 2235 1711 2280 longo
1731 2246 1798 2281 pa-

102 2276 180 2312 tule
198 2287 267 2321 nec
284 2277 467 2323 adpresse
488 2277 650 2322 hirsuto,
672 2278 722 2313 ab
741 2279 787 2314 A.
809 2289 984 2315 sesanwo
1003 2280 1268 2325 leguminibus
1287 2280 1451 2316 stellatis
1471 2292 1540 2317 nec
1552 2283 1700 2327 erectis,
1715 2282 1795 2317 sul-

102 2334 145 2359 co
163 2324 310 2359 dorsali
327 2328 494 2370 angusto
512 2335 581 2360 nec
599 2325 688 2360 lato.

147 2387 210 2423 Ar.
228 2387 363 2432 Geoqr.
395 2388 574 2433 Regnum
592 2388 853 2434 Tunetanum,
885 2388 1054 2434 Algeria.

688 2526 727 2573 b)
753 2526 935 2573 Capitula
951 2527 1223 2574 pedunculata

166 2626 203 2666 7.
237 2625 298 2667 A.
322 2625 623 2668 cruciatus
645 2624 776 2679 (Link
803 2624 954 2666 Enum.
980 2625 1034 2676 11,
1053 2637 1093 2678 p.
1123 2625 1228 2680 ⁹256)
1256 2626 1465 2679 adpresse
1492 2626 1677 2678 griscus,
1704 2639 1803 2669 cau-

103 2683 217 2726 libus
240 2684 623 2737 procumbentibus
663 2684 729 2725 vel
768 2683 1104 2726 ascendentibus
1134 2696 1247 2737 saepe
1288 2685 1511 2737 elongatis.
1556 2685 1710 2726 foliolis
1741 2687 1800 2727 el-

106 2742 259 2796 lipticis
298 2743 548 2795 6-10-jugis,
589 2743 788 2796 capitulis
822 2742 1041 2784 3-6-ssoris
1071 2743 1328 2796 pedunculis
1362 2743 1577 2796 legumine
1614 2748 1656 2785 et
1685 2757 1800 2797 szepe

107 2801 200 2844 folio
214 2801 478 2855 longioribus
502 2802 708 2853 suffultis,
736 2802 892 2854 calycis
917 2802 1122 2844 dentibus
1149 2803 1302 2844 tubum
1328 2802 1616 2854 aeqnantibus,
1646 2803 1802 2844 vexillo

106 2861 246 2914 calyce
287 2861 414 2913 triplo
454 2860 662 2913 longiore,
701 2859 990 2913 leguminibus
1028 2861 1228 2902 stellatim
1263 2860 1591 2911 ‹livet-gentibus
1626 2862 1797 2903 lineari-

105 2919 350 2961 lanceolatis
377 2919 557 2972 trigonis
579 2919 669 2961 basi
697 2919 882 2972 bigibbis
909 2919 1143 2968 attenuatis
1182 2919 1317 2961 acutis
1345 2919 1533 2960 arcuatis
1559 2920 1671 2972 pube
1700 2934 1797 2961 sur-

106 2990 202 3021 sum
221 2978 429 3032 adpressit
455 2978 606 3020 obsitis
634 2980 694 3026 Θ.
729 2979 779 3020 A.
805 2977 936 3019 Stella
971 2978 1074 3019 Mb.
1111 2979 1239 3019 Taur.
1282 2977 1405 3019 Czuun
1440 2977 1501 3018 ll..
1538 2991 1575 3031 p.
1617 2981 1684 3019 191
1718 2992 1801 3021 nun

1462 3050 1508 3085 15
