2015 3227
209 210 382 248 Daucus.
890 223 1197 249 UMBELLIFERAE.
1794 215 1887 251 1077

270 317 334 358 12.
368 316 426 358 D.
454 315 732 359 Blanchei
755 317 901 371 (Reut.
930 318 1048 359 lIort.
1081 317 1239 359 Genev.
1272 318 1401 372 1867)
1427 319 1545 361 caule
1577 320 1686 360 elato
1720 319 1888 360 inferne

207 377 451 416 retrorsum
489 374 657 427 hispido
701 387 889 428 superne
931 377 1093 427 scabro,
1134 377 1242 419 soliis
1287 378 1576 418 setoso-hirtis
1610 377 1886 419 inferioribus

203 433 370 474 ambitu
388 433 910 485 triangulari-lanceolatis
930 435 1309 488 bipInuatipartitis
1327 436 1557 487 segmentis
1574 435 1766 476 cuneatis
1785 435 1887 476 sub-

205 491 425 533 rhombeis
453 491 601 533 incisis
627 492 695 533 vel
721 492 1071 545 pinnatipartitis,
1097 494 1368 546 superiorum
1397 494 1556 535 laciniis
1580 494 1822 534 lauceolatis
1846 497 1888 535 et

204 549 442 592 linearibus
464 549 684 602 elongatis,
714 550 910 592 umliellae
940 551 1071 592 radiis
1094 552 1216 593 valde
1244 553 1524 605 inaequalibus
1552 552 1594 592 iu
1620 550 1766 593 nidum
1796 555 1888 593 tan-

204 608 303 650 dem
329 608 572 659 contractis
603 608 813 650 involucri
840 609 996 662 phyllis
1029 609 1211 651 umbella
1242 610 1371 662 triplo
1406 610 1677 651 brevioribus
1704 610 1887 662 pinnati-

203 666 335 708 sectis
357 670 536 719 anguste
557 666 806 718 linearibus,
831 667 1073 709 iuvotucelli
1100 668 1329 710 umbellula
1357 668 1627 710 brevioribus
1649 668 1827 719 integris
1847 672 1886 710 et

203 725 365 767 trifidis
383 726 991 778 membranaceo-margumtis,
1008 727 1165 778 petalis
1181 727 1286 767 albis
1306 727 1592 768 exterioribus
1606 726 1886 778 radiantibus,

203 783 347 826 fructu
374 784 538 826 minuto
561 788 700 833 ovato,
723 784 882 826 aculeis
906 783 1053 826 liberis
1079 785 1274 826 breviter
1301 785 1542 827 lanceolatis
1570 797 1744 826 sursum
1768 785 1886 825 incli-

203 842 315 884 natis
338 842 542 896 jugorum
568 842 795 883 intervallo
821 842 1091 885 brevioribus
1114 843 1181 897 (ξ).

224 916 340 998 ΙΙῖεὼ
371 927 434 1008 1ng
429 915 580 1007 [ligiano
604 915 655 950 ad
680 917 913 950 conventum
938 915 1147 951 Marserkis
1174 926 1292 962 prope
1321 915 1505 951 Bscheri·e
1536 919 1571 950 et
1596 926 1713 962 prope
1738 915 1888 950 Ackbet

199 972 248 998 C.
300 973 366 999 ΟΖθ
489 991 494 996 .

247 1018 386 1053 Planta
410 1016 654 1064 4-6-pedaliS,
682 1018 780 1052 radii
809 1018 974 1063 majores
1001 1017 1065 1052 2-2
1084 1017 1358 1063 ¹s‘2-pollicares,
1381 1018 1607 1063 mericarpia
1625 1019 1691 1052 vix
1710 1018 1889 1063 sesquili-

202 1075 314 1100 neam
349 1065 486 1110 longa,
533 1065 649 1099 facies
686 1064 732 1099 D.
765 1064 961 1109 rarvzflorz'
991 1063 1093 1098 Desf.
1136 1064 1275 1109 petalis
1316 1065 1382 1099 vix
1424 1064 1664 1099 radiantibus
1706 1065 1887 1100 distincti.

202 1111 251 1148 D.
273 1111 466 1148 Blanchez'
479 1112 531 1147 ab
549 1122 593 1146 eo
611 1113 655 1146 ut
673 1114 709 1146 et
728 1122 751 1146 a
801 1111 982 1146 affinibus
1001 1111 1143 1145 aculeis
1158 1111 1400 1146 brevissimis
1418 1112 1664 1156 dignoscitur.

654 1255 694 1295 -ψ-
747 1255 788 1295 4-
839 1251 1024 1286 Umbella
1041 1251 1235 1286 fructifera
1253 1261 1436 1286 convexa.

262 1337 329 1377 13.
370 1336 427 1378 D.
458 1334 776 1390 gummifer
815 1333 952 1388 (Lam.
992 1333 1098 1375 Dict.
1136 1334 1167 1384 I,
1206 1347 1244 1386 p.
1282 1334 1381 1374 634>
1416 1333 1533 1374 caule
1571 1336 1711 1373 erecto
1736 1331 1885 1373 striato

200 1393 368 1436 inferne
409 1398 650 1436 retrorsum
695 1393 864 1446 hispido
902 1404 1090 1445 superne
1127 1392 1290 1443 scabro,
1334 1391 1444 1433 soliis
1495 1390 1888 1443 circumscriptione

200 1452 541 1507 triangularibus
565 1464 697 1505 supra
726 1451 879 1493 lucidis
907 1450 1249 1504 bipinnatisectis
1284 1449 1515 1502 segmentis
1548 1448 1884 1490 cuneato-ovatis

199 1511 499 1553 obtusiuseule
537 1511 735 1562 dentatis,
769 1509 955 1551 umbella
979 1509 1266 1551 multiradiata
1289 1509 1506 1550 fructifer-21
1532 1509 1719 1548 convexa
1753 1506 1884 1548 radiis

200 1570 270 1611 vix
298 1570 565 1622 incrassatis,
592 1569 804 1611 involucri
829 1568 985 1621 phyllis
1013 1567 1278 1621 pinnatissdis
1315 1567 1500 1608 umbella
1522 1565 1794 1606 brevioribus
1822 1565 1884 1606 in-

198 1629 400 1670 volucelli
422 1627 870 1681 oblongo-lanceolatis
907 1627 992 1668 late
1027 1626 1226 1668 scariosis
1257 1626 1434 1679 integris
1461 1629 1502 1666 et
1528 1624 1697 1675 trititlis,
1732 1624 1883 1676 petalis

197 1686 305 1729 albis
329 1687 399 1729 vel
420 1687 591 1729 flavidis
617 1699 769 1740 parum
791 1685 1074 1736 radiantibus,
1102 1685 1260 1727 aculeis
1282 1684 1374 1726 basi
1402 1683 1571 1724 dilatata
1597 1682 1883 1724 subconnexis

196 1745 316 1798 apice
333 1745 602 1798 glochidiatis
629 1746 796 1787 fructus
817 1744 929 1787 ovati
953 1744 1208 1785 diametrum
1230 1742 1498 1797 {conantibus
1523 1741 1588 1782 vel
1609 1740 1882 1781 brevioribus

198 1803 252 1857 (a)
282 1804 336 1846 Ic.
366 1803 495 1846 Rchb.
523 1803 666 1846 Germ.
694 1804 776 1845 tab.
804 1804 929 1844 2004.
957 1826 1014 1832 -—
1050 1802 1102 1844 D.
1132 1801 1332 1854 hispidus
1370 1800 1469 1842 Urv.
1508 1800 1656 1841 Enum.
1683 1812 1721 1852 p.
1750 1800 1798 1839 31
1829 1811 1882 1840 an

196 1861 340 1904 Desff?
374 1887 418 1892 ·—
445 1863 496 1905 D.
526 1861 776 1904 wzare'timus
800 1861 931 1903 With.
958 1873 1042 1903 non
1068 1861 1185 1902 Lam.

244 1935 345 1970 Hab.
369 1935 410 1970 in
437 1935 667 1971 Macedonia
692 1935 888 1979 (δι-ἱερὴ),
915 1934 1026 1968 Cret-51
1051 1933 1165 1977 (Sieb.
1187 1933 1236 1979 pl.
1259 1943 1334 1968 exs.
1355 1932 1428 1967 sub
1447 1932 1482 1967 D
1497 1932 1678 1977 yecttaco).
1697 1930 1800 1964 Sami
1818 1930 1883 1973 (ex

195 1980 322 2027 Urv.),
339 1982 522 2017 Anatolia
539 1983 588 2017 ad
607 1982 792 2017 Hamanli
810 1985 847 2016 et
865 1980 992 2015 Tokat
1012 1980 1185 2024 (Wiedt).

245 2037 397 2084 Specie-s
416 2039 526 2084 quus
544 2040 647 2072 notae
675 2036 949 2072 differentiales
968 2046 1052 2070 euni
1073 2035 1117 2070 D.
1138 2034 1287 2082 inlepido
1305 2035 1406 2069 Desf.
1431 2033 1525 2068 mihi
1549 2033 1733 2067 obscurze.
1757 2032 1883 2076 Speci-

196 2094 285 2119 men
303 2084 450 2120 Sieberi
468 2087 656 2122 caeterum
671 2084 937 2119 Gussoneanis
957 2093 1005 2118 ex
1022 2082 1151 2117 insula
1172 2082 1295 2117 lschia
1313 2081 1447 2116 simile.

239 2148 304 2184 Ar.
332 2149 465 2193 Geoqr.
494 2148 614 2194 Regio
632 2147 917 2182 mediterranea
938 2146 1103 2191 Europae
1121 2148 1160 2180 et
1176 2146 1303 2181 Africa
1320 2144 1496 2179 borealis.

641 2287 809 2341 Species
841 2287 987 2340 quoad
1010 2286 1272 2341 affinitatem
1294 2284 1436 2327 dubz’a.

256 2385 321 2429 14.
355 2387 415 2430 D.
443 2388 798 2430 Bactrianus
822 2387 943 2441 (Bge.
972 2387 1036 2428 Pl.
1075 2386 1218 2428 Lelim.
1254 2384 1354 2439 3102)
1380 2385 1498 2427 caule
1526 2385 1607 2425 ima
1631 2384 1721 2425 basi
1748 2383 1880 2436 hispi-

193 2446 294 2489 dulo
321 2448 523 2489 caeterum
547 2446 709 2499 glabro,
734 2446 846 2488 foliis
872 2445 1101 2499 hispidulis
1128 2444 1469 2498 bipinnatisectis
1491 2443 1722 2495 segmentis
1745 2441 1882 2482 ovatis

190 2504 237 2546 in
257 2505 431 2546 lacinias
464 2504 620 2546 breves
654 2505 912 2547 lanceolatas
950 2505 1139 2555 integras
1181 2503 1247 2544 vel
1286 2502 1487 2543 ⁰2-3-fidas
1528 2499 1878 2554 pinnatipartitis‚

190 2564 391 2606 unibellis
412 2564 540 2616 longe
556 2563 859 2616 pedunculatis
884 2562 1152 2616 inaequaliter
1183 2561 1467 2611 7·9-radiatis,
1491 2560 1699 2601 involucri
1725 2557 1881 2611 phyllis

191 2622 381 2664 trisectis
410 2622 602 2664 umbella
624 2621 900 2664 brevioribus
923 2621 1165 2662 involucelli
1185 2618 1584 2663 lineari—suluilatis,
1604 2617 1751 2670 petalis
1780 2615 1882 2657 sub·

191 2681 430 2734 aequalibus
458 2679 502 2734 (e
529 2680 660 2733 sicco)
683 2680 866 2732 flavidis,
896 2680 1039 2721 fructu
1064 2678 1461 2731 oblongo-elliptico,
1488 2677 1646 2717 aculeis
1677 2676 1881 2728 jugorum

192 2738 378 2781 duorum
403 2739 667 2780 interiorum
694 2739 965 2780 brevissimis
989 2737 1228 2779 lateralium
1252 2734 1598 2788 sublongioribus
1622 2734 1712 2774 basi
1740 2731 1881 2773 latiori

190 2797 514 2839 confluentibus
542 2797 894 2850 subglochidiatis
924 2797 1088 2838 fructus
1114 2795 1238 2836 diam.
1266 2794 1438 2836 dimidio
1463 2791 1737 2834 brevioribus
1764 2791 1838 2840 O?

237 2869 338 2905 Hah.
357 2870 406 2905 ad
423 2870 654 2905 Sarafschan
672 2881 791 2916 prope
814 2869 1059 2905 Samarkand
1079 2867 1346 2903 Turkestaniae
1361 2866 1538 2911 (Lehm.).
1559 2866 1644 2900 Non
1662 2864 1751 2899 vidi.

237 2924 389 2971 Species
404 2935 450 2960 ex
465 2926 675 2972 specimine
695 2926 810 2960 unico
826 2924 1046 2960 autumnali
1064 2926 1101 2959 et
1118 2924 1277 2969 depasto
1292 2922 1490 2968 descripta,
1509 2921 1637 2967 quoad
1656 2921 1880 2955 affinitatem

190 2971 345 3017 incerta,
363 2972 538 3008 umbella
556 2972 743 3008 diametro
761 2971 972 3018 pollicaris,
993 2971 1138 3006 fruetus
1156 2969 1430 3016 sesquilineam
1452 2972 1602 3004 tantum
1620 2967 1769 3011 longus.
