2045 3227
133 192 352 240 Trzfolz'um.
839 203 1115 231 LEvanNOSAE.
1758 199 1828 235 121

173 273 274 309 Hab.
293 273 344 309 ad
361 272 672 317 Kaiagheuldere
690 272 872 319 Phrygiae
889 283 959 320 pro
989 284 1008 309 e
1025 272 1188 309 Ouchak
1207 273 1244 309 et
1262 274 1311 310 ad
1330 275 1550 311 Caesaream
1570 276 1828 323 Cappadociae

122 319 215 364 (Bal
241 327 282 355 n⁰
307 320 422 366 918),
449 322 566 366 atque
589 321 628 355 in
653 319 789 356 Cilicia
805 330 925 367 prope
985 321 1116 356 ersina
1142 320 1243 365 (Bal.
1261 322 1312 368 pl.
1341 333 1419 358 exs.
1438 323 1512 358 sub
1536 323 1576 358 Τ.
1594 323 1828 369 Ηωῖίαηο),

123 367 249 403 Ponto
266 367 318 403 ad
342 367 418 403 Tra
447 370 626 403 ezuntem
644 367 793 412 (Bourg
822 377 900 402 exs.
920 367 1004 402 sub.
1029 367 1069 403 T.
1087 367 1323 414 Preshano),
1340 369 1455 414 Syrie.
1484 370 1525 404 in
1546 373 1677 406 monte
1693 371 1828 406 Cassio

128 413 296 460 (Boissl)
314 415 353 450 et
367 425 431 450 are
461 416 538 450 osis
555 414 786 460 ferrugineis
804 413 945 449 Libani
963 425 1085 461 supra
1105 414 1247 450 Elklaa
1264 416 1388 460 (Gaill
1400 418 1436 462 l).

171 476 323 513 Formis
337 477 577 513 intermediis
595 487 677 513 sem
708 487 749 512 er
762 477 980 513 observatis
998 477 1046 512 ad
1064 480 1203 524 typum
1222 479 1378 524 transit3
1397 488 1422 514 a
1443 490 1507 514 me
1524 480 1611 526 ipso
1629 480 1681 515 ob
1701 481 1829 527 spicas

117 524 484 609 ffipxffifflglm
501 535 590 560 cum
613 523 653 560 T.
708 524 877 561 resliano
894 525 1104 560 confusum
1122 525 1189 561 sed
1208 526 1438 562 indumento
1456 529 1494 562 et
1518 527 1675 562 corollis
1697 528 1764 563 bre
1772 528 1829 563 vi-

166 634 228 670 Ar.
255 634 387 680 (ἔθορε.
412 633 556 670 Insulae
575 633 849 679 Canarienses,
869 633 1025 681 Europa
1041 635 1125 670 tota
1140 645 1164 670 a
1182 635 1447 672 scandinavia
1471 635 1523 671 ad
1549 636 1729 672 Rossiam
1742 667 1751 684 ,
1770 637 1830 674 Si-

125 679 224 716 111113
250 681 461 728 Uralensis,
479 676 610 717 Africa
626 681 807 727 borealis,
825 681 1050 727 Abyssinia.

183 836 251 878 22.
290 836 347 878 Τ.
377 836 755 879 Preslianum
786 835 946 890 (Boiss.
970 835 1119 889 Diagn.
1146 835 1238 878 Ser.
1263 836 1294 888 I,
1324 837 1362 888 2,
1381 849 1421 890 p.
1448 836 1525 891 25)
1544 837 1828 891 adpressissi-

123 907 191 937 me
214 894 415 949 pilosum,
440 895 635 938 caulibus
659 896 816 937 erectis
839 907 861 936 3
887 894 980 936 basi
996 895 1322 947 ramosissimis,
1346 895 1520 949 stipulis
1546 900 1669 949 parte
1691 895 1829 939 libera

122 954 248 1007 longe
272 954 711 997 lanceolato-setaceis
730 987 740 1003 ‚
767 953 922 996 foliolis
962 953 1198 996 linearibus
1228 954 1435 1007 integriS,
1461 955 1662 1008 capitulis
1690 956 1828 999 ovatis

121 1011 297 1055 tandem
316 1013 565 1067 cylindricis
587 1024 701 1067 saepe
727 1013 825 1055 folio
848 1023 1055 1066 supremo
1077 1013 1286 1063 suffultis,
1320 1014 1479 1067 calycis
1512 1013 1741 1056 albolanati
1769 1015 1830 1057 13-

120 1071 248 1114 ciniis
272 1072 454 1115 setaceis
475 1072 600 1126 longe
622 1071 834 1126 plumosis
858 1071 1062 1114 corollam
1089 1072 1396 1125 persistentem
1414 1073 1488 1114 vix
1512 1073 1826 1126 superantibus

121 1129 227 1173 tubo
249 1132 380 1186 triplo
398 1131 681 1185 longioribus,
701 1131 822 1173 fauce
848 1130 963 1172 villis
987 1133 1154 1173 tantum
1182 1131 1344 1184 clausa,
1370 1131 1610 1174 seminibus
1632 1131 1829 1186 oblongis

126 1194 190 1240 Ε).
226 1190 268 1232 Τ.
298 1189 426 1244 affine
451 1190 577 1233 Prcsl
610 1189 756 1243 Symb.
784 1190 877 1232 Bot.
902 1188 987 1231 tab.
1023 1190 1092 1242 34,
1129 1202 1213 1231 non
1248 1190 1336 1245 Lej.
1359 1215 1407 1220 --
1438 1190 1480 1232 T.
1508 1190 1830 1243 erioeeplmlum

123 1247 225 1291 Led.
243 1249 306 1291 Fl.
329 1249 454 1292 Ross.
479 1249 511 1301 I,
538 1262 579 1303 p.
603 1250 700 1291 541.

166 1321 265 1357 Hah.
283 1322 323 1357 in
341 1322 452 1358 siccis
463 1322 633 1368 regionis
647 1323 845 1356 montanae
861 1320 1067 1366 Anatoliae,
1086 1324 1239 1357 montes
1256 1321 1439 1366 Smyrnae
1453 1322 1625 1367 Mesogis
1636 1351 1644 1367 ,
1658 1323 1828 1359 Tmolus

119 1371 159 1405 et
177 1368 351 1404 Cadmus
374 1369 498 1405 Cariae
516 1369 694 1414 (Boissl),
712 1368 892 1414 Byzantii
908 1367 1053 1414 (Noel),
1080 1368 1264 1415 Phrygiae
1291 1369 1342 1404 ad
1363 1369 1585 1415 Kaiagheul
1603 1370 1692 1405 Kioi
1707 1381 1829 1417 supra

122 1415 288 1454 Ouchak
306 1416 444 1463 (Β311),
458 1416 588 1453 Rhodi
604 1416 798 1462 (Bourgl).
1244 1418 1247 1419 ’

167 1481 203 1516 Α
219 1480 459 1528 praecedente
475 1480 705 1516 indumento
724 1479 910 1526 adpresso
922 1507 930 1523 ,
955 1478 1134 1514 caulibus
1151 1480 1398 1516 divaricatim
1410 1480 1590 1526 ramosis,
1606 1481 1710 1516 foliis
1731 1481 1828 1516 inte·

121 1527 214 1574 gris,
233 1528 350 1575 spicis
368 1528 624 1564 crassioribus
653 1528 770 1563 diam.
789 1526 851 1563 5-6
879 1526 1005 1561 lineas
1031 1525 1133 1572 latis,
1162 1527 1308 1573 calycis
1339 1528 1531 1563 corollam
1555 1529 1828 1575 subaequantis

120 1575 273 1611 laciniis
291 1575 420 1621 longis
438 1574 643 1622 plumosis,
658 1575 807 1610 semine
826 1573 999 1618 oblongo
1015 1572 1136 1621 duplo
1154 1577 1303 1622 majore
1322 1575 1560 1611 distinctum.

183 1733 251 1775 23.
285 1732 339 1775 T.
373 1731 732 1788 Smyrneum
767 1731 928 1788 (Boiss.
952 1732 1104 1786 Diagn.
1132 1731 1225 1775 Ser.
1252 1731 1287 1784 I,
1317 1733 1356 1783 2,
1382 1745 1423 1786 p.
1456 1731 1532 1787 25)
1565 1733 1713 1786 patule
1740 1733 1828 1775 his-

124 1791 341 1845 piduluni,
364 1791 559 1835 caulibus
588 1791 947 1834 decumbentibus
973 1792 1041 1834 vel
1071 1792 1328 1846 prostratis,
1353 1791 1526 1845 stipulis
1550 1794 1673 1844 parte
1690 1791 1828 1849 libera

119 1851 262 1893 ovatis
300 1851 368 1893 vel
394 1851 589 1893 breviter
625 1851 873 1893 lanceolatis
917 1851 1074 1901 acutis,
1119 1851 1276 1894 foliolis
1314 1850 1495 1892 minutis
1523 1851 1720 1893 obovatis
1756 1852 1824 1893 vel

122 1910 610 1964 obcordatis„capitulis
635 1910 940 1952 te··minalibus
969 1910 1129 1964 saepius
1162 1909 1276 1952 binis
1303 1911 1439 1952 altero
1469 1910 1696 1951 subsessili
1723 1910 1828 1952 alte-

123 1980 173 2012 ro
200 1969 361 2023 stipula
385 1971 592 2023 suprema
622 1968 840 2011 bracteato
865 1969 1055 2023 globosis
1084 1969 1231 2011 densis
1261 1968 1437 2011 demum
1469 1969 1826 2022 ovato-oblongis,

121 2028 467 2082 calycis-hispidi
492 2027 651 2071 corolla
672 2028 768 2070 31113
792 2029 861 2070 vel
882 2028 1041 2083 pallide
1059 2030 1187 2070 roseti
1214 2028 1404 2071 dimidio*
1421 2026 1638 2069 brevioris
1656 2028 1825 2070 laciniis

122 2086 340 2130 subulatis
361 2087 574 2131 truncatis
601 2087 706 2129 tubo
736 2087 991 2142 aequilongis
1018 2087 1191 2129 demum
1214 2087 1374 2141 patulis
1400 2086 1606 2128 inferiore
1628 2087 1827 2139 longiori,

121 2145 227 2188 tubo
262 2146 437 2190 demum
478 2147 583 2189 callo
617 2146 756 2200 piloso
800 2147 947 2189 clauso
982 2151 1047 2197 O.
1084 2146 1126 2188 Τ.
1162 2145 1372 2198 Boztryoei
1404 2145 1546 2188 Boiss.
1586 2146 1632 2186 in
1666 2145 1824 2199 Bourg.

123 2205 180 2259 pl.
203 2217 294 2248 exs.

170 2278 273 2314 Hah.
294 2279 333 2314 in
357 2278 525 2314 collibus
551 2278 672 2314 aridis
699 2277 877 2321 Thraciae
903 2288 1026 2326 prope
1048 2278 1223 2313 Karlova
1247 2277 1393 2323 (Janka
1405 2279 1442 2323 l),
1466 2278 1669 2313 montibus
1689 2278 1824 2324 Lydiae

119 2325 222 2361 circa
238 2325 449 2372 Smyrnam
467 2325 622 2370 (Boissl
651 2325 734 2361 Bal.
764 2335 844 2360 exs.
877 2326 998 2370 1591),
1028 2325 1154 2361 Cariae
1185 2325 1346 2370 (Pinard
1359 2327 1396 2370 1),
1422 2325 1553 2371 Lycize
1582 2326 1630 2361 ad
1665 2325 1827 2361 Eli'nalu

119 2372 271 2418 (Bourg
287 2375 323 2418 1),
342 2373 526 2419 Phrygiae
543 2383 614 2419 pro
645 2384 663 2409 e
682 2372 845 2408 Ouchak
865 2372 1000 2418 (Ball),
1031 2373 1328 2419 Mesopotamiae
1353 2372 1396 2408 in
1420 2373 1583 2409 desertis
1607 2373 1710 2407 inter
1735 2372 1829 2408 Orsa

123 2422 162 2454 et
177 2418 323 2456 Suerek
341 2420 565 2466 (Hausslzl).
643 2449 649 2453 .
669 2420 759 2455 Mai.
778 2420 868 2455 Jun.

170 2483 329 2519 Corolla
348 2485 370 2519 4
389 2484 512 2520 lineas
531 2484 662 2530 longa,
689 2483 862 2530 capitula
887 2483 1056 2519 florifera
1079 2492 1209 2527 magn.
1238 2482 1455 2528 avellanae3
1479 2482 1596 2517 facies
1628 2482 1667 2518 Τ,
1695 2482 1829 2529 laffopi

120 2530 265 2614 ffiffglbs
278 2531 720 2614 digitilrlbstiinaequahbus
739 2530 929 2567 corollam
953 2530 1232 2577 superantibus
1259 2533 1298 2565 et
1326 2529 1423 2565 tubo
1445 2530 1644 2565 fructifero
1662 2529 1830 2566 ovoideo

188 2722 255 2764 24.
274 2723 328 2765 T.
362 2722 670 2766 stellatum
692 2722 758 2779 (L.
776 2723 845 2778 Sp.
864 2722 996 2778 1083)
1014 2723 1204 2765 molliter
1220 2722 1438 2774 villosum,
1460 2722 1656 2765 caulibus
1674 2722 1830 2765 crectis

127 2781 198 2824 vel
224 2782 574 2834 ascendentibus,
609 2782 784 2837 stipulis
819 2782 916 2825 latis
944 2786 1066 2836 parte
1093 2781 1231 2823 libera
1263 2782 1401 2823 ovaxis
1430 2781 1598 2823 obtusis
1630 2782 1831 2834 dentatis,

129 2840 296 2883 foliolis-
315 2841 496 2883 minutis
543 2841 942 2884 obovato-cuneatis
981 2843 1051 2883 vel
1084 2840 1353 2893 obcordatis,
1401 2840 1600 2894 capitulis
1642 2840 1832 2893 globosis

128 2899 401 2952 laxiusculis,
436 2900 592 2953 calycis
630 2901 835 2942 corollam
884 2911 1053 2942 roseam
1096 2900 1165 2941 vel
1208 2899 1393 2941 albidam
1431 2899 1643 2952 aeqnantis
1680 2900 1744 2941 vcl
1784 2901 1833 2942 63
1882 2925 1885 2926 ⁷

126 2961 283 3013 quarta
320 2961 444 3013 parte
484 2958 701 3001 brevioris
743 2959 908 3001 laciniis
955 2972 978 3002 3
1026 2959 1119 3001 basi
1166 2959 1251 3002 late
1289 2959 1523 3000 lanceolata
1567 2959 1835 3000 subeounatfi
