2045 3227
140 204 310 241 Prunus.
887 212 1091 240 ROSACEAE.2
1761 206 1829 243 651

187 286 287 321 Hah.
312 285 351 320 in
382 284 537 330 regione
564 283 736 318 abietina
762 284 909 319 montis
927 284 1071 319 Parnes
1091 284 1227 320 Atticae
1247 285 1371 329 (Sartl
1398 285 1538 321 Heldr!
1570 287 1687 321 Herb.
1709 288 1832 323 Graue.

141 334 272 370 Norm.
290 332 360 367 673
373 333 409 376 l).
424 332 464 366 in
475 331 632 376 regione
643 330 834 376 superiori
847 332 991 366 montis
1008 331 1152 378 Delphi
1163 332 1309 367 Eubeae
1325 332 1387 368 alt.
1400 332 1628 369 4000’5500’
1644 334 1832 379 (Heldrl).

144 380 255 425 Vulg.
274 377 627 425 Aqrioberz'koukz‘a
643 378 902 416 (Armeniacae
920 377 1162 423 sylvestres).

187 436 329 471 Frutex
349 434 583 480 5-6-pedalis
608 434 670 470 vel
701 434 898 475 humilior,
925 434 1020 469 folia
1047 436 1103 470 eis
1130 435 1345 481 specierum
1371 436 1545 471 affinium
1572 438 1723 472 minora
1746 436 1834 472 8-112

143 483 210 519 lin.
228 483 355 527 longa,
378 481 589 527 pedunculi
606 481 792 516 fructifer-i
822 482 935 525 1-1¹l2
960 482 1103 517 lineam
1123 485 1273 518 tantum
1299 483 1424 528 longi3
1454 483 1634 527 glabritie
1662 488 1699 519 et
1729 484 1834 519 soliis

140 530 303 566 minutis
321 530 475 564 videtur
489 529 616 564 affinis
636 528 681 565 O.
704 527 927 564 Cocumilz'oe
959 529 1052 564 Ten.
1079 540 1198 576 quam
1223 529 1332 565 icone
1352 532 1500 565 tantum
1521 531 1612 565 novi
1641 534 1677 566 et
1703 542 1726 565 a
1756 535 1834 575 qua

141 578 266 661 {rippa
281 576 524 622 subglobosa
541 577 609 611 vix
631 585 760 621 magn.
782 574 920 611 Gerasi
934 586 1082 622 parvae,
1100 586 1169 612 nec
1189 577 1499 623 ovato-elliptica
1516 578 1696 624 pollicem
1715 577 1833 622 longa

169 624 181 660 i
212 626 279 659 ert.

200 754 238 795 3.
272 752 328 794 P.
351 751 673 794 monticola
697 750 761 806 (C.
791 751 908 794 Koch
931 751 1042 806 App.
1066 752 1202 794 Index
1228 752 1349 794 Hort.
1373 752 1514 795 Berol.
1548 755 1678 807 1854)
1713 755 1836 797 fruti-

140 824 252 863 cosa,
280 813 437 864 praeter
460 811 640 862 petiolos
666 810 887 852 interdum
915 812 1152 864 puberulos
1186 811 1459 863 glaberrima,
1492 813 1632 854 ramis
1660 814 1835 855 inermi-

140 872 237 922 bus,
263 869 377 912 foliis
405 869 605 922 ellipticis
628 870 821 911 breviter
847 870 1101 912 acuminatis
1119 870 1386 912 acutiuscule
1410 872 1589 912 serratis
1618 872 1708 913 basi
1737 872 1833 914 brc-

138 929 251 972 viter
278 928 484 978 cuneatis,
502 929 683 981 gemmis
700 928 902 970 floriferis
930 928 1111 979 billoris,
1143 928 1398 981 pedunculis
1432 930 1665 982 gracilibus
1691 931 1834 973 fructu

139 987 392 1042 aequilongis
432 987 499 1029 vel
534 987 820 1041 longioribus,
859 987 1000 1040 drupa
1031 988 1167 1040 parva
1208 990 1334 1029 ovata
1372 990 1621 1042 compressa
1663 989 1836 1043 oblique

140 1049 392 1090 mucronata
418 1052 454 1094 ὅ.

185 1119 286 1155 Hah.
299 1119 339 1154 in
356 1117 521 1154 collibus
538 1119 644 1154 Asiae
663 1119 825 1154 minoris
844 1118 903 1163 (C.
924 1119 1032 1155 Koch
1046 1120 1082 1163 l),
1110 1119 1305 1154 Armeniae
1336 1119 1508 1155 Turcicae
1533 1120 1582 1155 ad
1607 1120 1777 1156 Baibout
1801 1126 1839 1157 et

139 1166 475 1202 Gumuschkhane
490 1166 638 1211 (Bourg
648 1167 683 1210 l).
696 1166 918 1212 Specimina
928 1177 975 1202 ex
986 1169 1117 1202 monte
1132 1166 1378 1211 Bolamdagh
1393 1167 1516 1212 Syriae
1534 1168 1613 1202 bor.
1624 1168 1801 1211 (Haussk
1812 1171 1838 1214 l)

139 1214 214 1249 huc
233 1224 389 1260 quoque
403 1215 575 1260 spectare
594 1213 786 1248 videntur.

184 1269 318 1305 Flores
336 1270 390 1305 eis
412 1268 455 1304 P.
473 1269 640 1316 spinosae
656 1270 725 1304 vix
736 1270 916 1315 maj0res‚
935 1269 1035 1304 rami
1053 1270 1288 1315 graciliores,
1309 1269 1402 1304 folia
1420 1270 1479 1305 1-1
1495 1271 1535 1314 ¹s2
1556 1271 1736 1316 pollicem
1755 1271 1838 1307 lon-

139 1327 199 1362 ga,
217 1316 342 1362 drupa
357 1317 419 1352 6-7
437 1316 562 1352 lineas
582 1319 734 1352 tantum
755 1317 884 1362 longa.
918 1318 952 1352 A
981 1316 1026 1352 P.
1044 1314 1430 1364 pseudoarmem'acc‘i
1453 1318 1513 1353 cui
1538 1318 1719 1362 glabritie
1737 1330 1841 1354 acce—

139 1364 195 1400 dit
214 1363 320 1399 foliis
339 1364 573 1399 acuminatis
591 1366 629 1399 et
646 1364 877 1410 pedunculis
896 1364 1107 1400 fructiferis
1126 1364 1255 1410 longis
1277 1364 1489 1409 gracilibus
1508 1365 1719 1400 discedens.

197 1500 236 1540 4.
271 1498 330 1540 P.
361 1498 621 1541 insititia
646 1497 714 1553 (L.
744 1497 814 1551 Sp.
848 1496 954 1551 680)
995 1497 1202 1539 fruticosa
1234 1498 1379 1550 patule
1410 1509 1579 1538 ramosa
1617 1496 1837 1538 interdum

139 1558 327 1612 spinosa,
353 1558 535 1600 ramulis
557 1557 779 1608 velutinis,
815 1557 928 1599 foliis
953 1556 1307 1609 ovato-ellipticis
1336 1556 1517 1598 serratis
1545 1555 1702 1598 subtus
1731 1567 1838 1608 prai-

139 1617 289 1660 sertim
313 1616 366 1658 ad
387 1628 547 1659 nervos
589 1616 785 1667 hirsutis,
817 1616 996 1669 gemmis
1037 1615 1241 1658 floriferis
1269 1614 1536 1667 subbissoris,
1579 1615 1837 1668 pedunculis

138 1675 394 1718 tenuissime
417 1674 772 1728 pubescentibus,
796 1675 936 1728 drupa
963 1675 1140 1728 globosa
1165 1673 1422 1716 subnutanti
1444 1678 1484 1723 5.

184 1748 283 1783 Hab.
311 1748 353 1783 in
379 1748 548 1784 dumetis
575 1748 792 1795 praesertim
823 1748 1043 1789 montanis,
1075 1747 1227 1782 Graecia
1252 1747 1293 1781 in
1323 1749 1455 1781 monte
1481 1746 1638 1781 Malevo
1657 1746 1836 1781 Laconife

138 1795 263 1842 (Orph
277 1796 313 1839 l),
332 1796 372 1830 in
390 1797 523 1831 monte
537 1795 681 1831 Olenos
699 1798 737 1830 et
754 1795 903 1830 OEtolia
933 1795 1074 1839 (Heldr
1087 1796 1124 1837 l),
1155 1794 1382 1829 Macedonia
1400 1793 1438 1828 in
1461 1796 1589 1828 monte
1610 1794 1712 1828 Atho
1731 1794 1837 1832 (Gri-

138 1843 229 1887 seb.,
250 1842 357 1888 Orph
373 1844 401 1885 ἱ)
419 1845 456 1878 et
474 1843 643 1878 Thracia
660 1843 710 1877 ad
730 1843 965 1887 Byzantium
984 1842 1191 1886 (Grisebl),
1210 1841 1354 1876 Tauria
1373 1842 1410 1875 et
1429 1850 1535 1887 prov.
1556 1841 1619 1875 Cis
1638 1843 1675 1875 et
1692 1841 1837 1875 Trans-

138 1890 350 1925 caucasicae
369 1889 527 1934 (Ledeb.
553 1890 715 1934 Szowlj,
749 1890 884 1925 Cilicia
899 1889 1067 1924 Kurdica
1091 1888 1229 1933 (Kyl);
1256 1888 1469 1934 specimina
1498 1887 1694 1922 fructifera
1710 1889 1748 1922 in
1767 1889 1837 1922 Ar-

137 1937 268 2019 Ῑῖῑῑιῗῑιίἑι
286 1936 449 1972 australi
466 1937 537 1983 Ky.
564 1937 614 1983 pl.
634 1947 713 1972 exs.
733 1937 804 1972 534
821 1937 895 1972 sub
921 1936 966 1971 P.
986 1936 1201 1982 fratz'cantz'
1229 1935 1304 1970 huc
1328 1945 1484 1981 quoque
1504 1938 1676 1981 spectare
1699 1934 1835 1969 viden—

183 2040 243 2075 ΑΥ.
274 2039 405 2085 Geoqr.
433 2040 590 2087 Europa
609 2040 740 2076 media
753 2042 790 2075 et
801 2039 996 2085 australis,
1015 2039 1145 2074 Africa
1162 2037 1344 2073 borealis.

199 2171 239 2211 5.
266 2170 322 2211 P.
351 2168 685 2213 divaricata
701 2169 880 2224 (Ledeb.
910 2169 1002 2212 [nd.
1029 2170 1140 2212 Sem.
1168 2169 1300 2222 Dorp.
1331 2169 1442 2210 1824
1465 2181 1501 2221 p.
1533 2167 1578 2219 6)
1605 2167 1836 2209 arbuscula

138 2228 316 2270 inermis
337 2229 482 2270 rarius
506 2230 761 2282 spinescens
794 2243 817 2271 a
846 2229 938 2271 basi
960 2241 1145 2279 ramosa,
1181 2229 1312 2269 ramis
1340 2227 1464 2268 valde
1488 2227 1698 2278 elongatis
1719 2227 1836 2267 diva—

138 2287 285 2329 ricatis
312 2287 590 2330 inferioribus
614 2289 859 2341 prostratis,
888 2288 1069 2330 ramulis
1098 2287 1283 2340 glabris,
1319 2286 1431 2328 foliis
1458 2285 1652 2337 oblongis
1677 2285 1836 2327 acumi—

138 2346 251 2388 natis
271 2346 452 2388 serratis
475 2347 633 2389 subtus
655 2346 709 2388 ad
732 2350 893 2389 costam
908 2347 1092 2388 mediam
1111 2346 1177 2387 vel
1193 2357 1343 2388 omnes
1360 2356 1518 2386 nervos
1536 2343 1833 2394 albo-villosis,

139 2405 319 2457 gemmis
351 2406 553 2448 floriferis
572 2406 786 2457 unissoris,
805 2405 1060 2459 pedunculis
1082 2404 1259 2457 glabris,
1285 2405 1425 2457 slrupa
1448 2402 1633 2455 elliptica
1658 2404 1722 2443 vcl
1749 2403 1835 2454 glo-

139 2463 245 2505 bosa
275 2463 387 2505 flava
409 2465 646 2518 majuscula
664 2471 685 2513 5
727 2465 779 2506 Ic.
804 2465 962 2506 Ledeb.
982 2463 1037 2505 Ic.
1065 2464 1189 2505 Ross.
1218 2463 1304 2506 tab.
1338 2464 1402 2504 13.
1422 2485 1476 2492 --
1494 2460 1570 2502 Pr.
1591 2461 1835 2513 cet·c‹,.s·{fera

140 2522 258 2563 Elii-11
286 2521 431 2564 .Bcitr.
456 2523 528 2575 IV,
561 2525 610 2565 17
640 2535 693 2565 cx
711 2523 754 2565 C.
782 2524 910 2565 Koch.

187 2596 289 2631 Hab.
308 2597 346 2631 in
367 2596 596 2632 Macedonia
621 2597 671 2632 ad
698 2597 1023 2633 Thessalonicam
1049 2599 1086 2632 et
1112 2597 1152 2631 in
1176 2594 1344 2630 Thracia
1370 2595 1407 2628 et
1425 2592 1612 2636 Bithynia
1638 2592 1736 2626 circa
1758 2591 1836 2635 By-

138 2644 311 2678 zantium
325 2643 484 2687 (Griseb
497 2672 507 2687 ,
525 2644 675 2679 Thuret
686 2646 721 2689 l),
741 2646 872 2680 monte
898 2644 1093 2679 Beschtau
1111 2643 1277 2678 Caucasi
1296 2640 1454 2685 (Hohcn
1472 2641 1507 2683 l),
1527 2639 1837 2674 Tranwuicasizi

139 2692 178 2724 et
196 2700 302 2735 prov.
321 2690 492 2736 Talysch
509 2691 566 2735 (C.
582 2693 626 2726 A.
645 2691 775 2736 Mey.)‚
821 2701 911 2737 rope
929 2691 1040 2726 Tillis
1053 2691 1101 2725 ad
1117 2688 1359 2725 lacum'Lissi
1377 2691 1414 2722 et
1432 2686 1604 2721 rivulum
1620 2685 1836 2720 Kodscliori

140 2735 400 2783 (Ruprechtl),
424 2748 530 2781 prov.
546 2738 755 2784 Karabagh
773 2702 948 2782 (gzowO,
968 2738 1099 2773 Persia
1117 2737 1197 2771 bor.
1213 2736 1312 2780 (Bge
1326 2737 1365 2779 l).

187 2791 314 2826 Arbor
329 2792 596 2838 8-‘12pedalis3
623 2803 670 2827 ex
701 2793 809 2827 icone
837 2792 962 2838 drupa
985 2802 1071 2826 eam
1098 2791 1319 2825 Prunorum
1350 2788 1610 2832 oblongorum
1636 2787 1831 2822 cultorum

142 2847 297 2883 aequure
319 2838 482 2874 videtur.
503 2840 560 2874 Ex
587 2839 632 2874 cl.
669 2839 708 2874 C.
736 2839 844 2874 Koch
886 2838 1070 2873 Dendrol.
1102 2837 1138 2882 1,
1158 2848 1192 2883 p.
1218 2837 1263 2871 97
1296 2836 1377 2870 haee
1419 2835 1566 2881 species
1600 2834 1666 2869 I'r.
1694 2835 1837 2869 cerasi-

137 2882 229 2929 Γενᾶ
247 2885 384 2920 eadem
401 2889 440 2920 et
455 2887 677 2922 Prunorum
695 2885 898 2922 Me'rabelle
918 2885 1109 2920 dictorum
1138 2884 1256 2930 stirps
1288 2882 1494 2927 sylvestris
1513 2884 1579 2915 est.
1610 2881 1667 2914 Ex
1691 2882 1734 2915 cl.
1758 2881 1834 2915 Ru-

142 2932 274 2976 precht
294 2932 523 2978 pedunculis
542 2933 671 2977 longis
690 2933 730 2967 in
749 2933 841 2967 vivo
860 2932 1038 2977 flaccidis,
1057 2931 1190 2976 calyce
1208 2929 1321 2965 valde
1341 2929 1483 2964 reflexo
1502 2929 1607 2963 intus
1629 2938 1753 2973 roseo,
1769 2929 1835 2962 tlo-

141 2977 251 3013 ribus
265 2979 481 3025 majoribus
497 2991 516 3014 a
532 2979 577 3015 P.
596 2977 760 3016 insiticia
774 2980 942 3015 diversa.
