1959 3221
128 195 199 231 304
812 195 1144 222 sAXIFRAGACEAE.
1589 186 1835 235 Saoez'sraya.

174 281 318 317 Affinis
348 278 386 316 S.
406 275 656 323 jum'perz'nce,
683 274 778 310 folia
804 274 924 320 paulo
955 273 1049 309 latio
1059 283 1103 307 ra
1130 283 1255 320 usque
1279 273 1330 309 ad
1347 274 1496 320 apicem
1515 274 1684 317 dentata,
1703 274 1836 311 caules

129 328 286 364 floriferi
312 325 452 372 glabri,
486 323 771 358 inflorescentia
798 322 848 356 ob
866 321 1085 368 pedicellos
1110 321 1313 366 elongatos
1331 321 1568 367 corymbosa
1585 331 1655 356 nec
1673 322 1835 368 spicata,

129 376 273 421 calycis
295 373 447 409 laciniae
467 381 543 406 non
562 370 712 414 ciliatze,
732 370 801 403 etc.

196 536 259 576 12.
296 531 346 574 S.
374 528 814 586 pseudosancta
841 527 996 582 (Janka
1042 527 1086 569 in
1122 526 1273 569 Sched.
1299 527 1362 569 Pl.
1389 526 1578 581 Turcic.)
1614 528 1830 581 cespitosa

129 591 387 650 pulvinaris,
414 587 649 630 caudiculis
675 586 933 628 imbricatim
960 590 1002 628 et
1029 585 1291 628 densissime
1318 585 1496 639 foliosis,
1517 586 1628 628 foliis
1657 586 1834 629 lineari-

129 650 376 696 lanceolatis
415 646 708 702 pungentibus
752 646 907 687 subtus
952 645 1154 687 carinatis
1201 645 1275 686 vix
1316 644 1496 687 foveatis
1537 645 1630 687 basi
1663 647 1831 688 tantum

127 710 320 765 margine
347 706 634 750 denticulatis,
665 704 858 747 caulibus
888 704 1091 746 floriferis
1117 703 1326 746 brevibus
1354 703 1454 757 pilis
1483 704 1639 758 crispis
1679 704 1831 747 obsitis

127 772 238 814 foliis
286 767 463 810 minutis
507 764 701 817 oblongis
741 767 784 805 et
821 763 1015 806 obovatis
1054 762 1629 817 glabriusculisinstructis,
1656 774 1829 806 racemo

126 829 249 872 brevi
300 830 437 875 ovato,
488 823 705 878 pedicellis
752 822 1032 864 inferioribus
1084 823 1229 874 calyce
1266 821 1644 873 subbrevioribus,
1673 822 1832 875 calycis

124 888 264 943 glabri
306 884 473 928 laciniis
524 883 661 925 oratis
706 881 1003 931 acutiusculis‚
1035 881 1189 935 petalis
1241 880 1370 923 luteis
1418 881 1830 934 ovato-spathulatis

126 946 418 1000 unguiculatis
442 943 630 996 calycein
653 940 978 992 excedentibus,
1002 939 1266 982 staminibus
1287 940 1409 992 longe
1434 939 1620 982 exsertis
1650 946 1709 988 36.

173 1021 272 1056 Hab.
295 1019 344 1055 acl
367 1028 481 1065 rupes
501 1016 715 1052 altissimas
741 1015 949 1050 umbrosas
970 1015 1061 1050 nive
1079 1014 1370 1060 deliquescente
1390 1013 1628 1050 madefactas
1648 1015 1688 1050 in
1706 1014 1834 1050 limite-

124 1068 300 1105 inferiori
317 1065 486 1111 regionis
505 1064 650 1110 alpinae
670 1063 813 1097 montis
839 1061 991 1097 Balkan
1018 1061 1196 1097 Thraciae
1225 1072 1344 1108 prope
1372 1061 1531 1097 Kalofer
1564 1061 1753 1106 ‹Jankaly
1772 1062 1829 1098 Fl.

125 1117 243 1152 -Junio
262 1115 433 1150 ineunte.

172 1179 306 1214 Facies
333 1179 370 1213 et
393 1176 487 1212 folia
509 1175 544 1210 S.
567 1177 716 1210 sanctoe
742 1173 811 1208 sed
844 1172 969 1218 magis
990 1172 1182 1218 triquetra
1210 1174 1247 1207 et
1282 1172 1367 1207 basi
1397 1174 1552 1208 tantum
1580 1172 1830 1218 denticulata,

126 1228 239 1262 flores
258 1225 426 1260 breviter
444 1222 634 1258 racemosi
656 1232 725 1256 nec
743 1219 977 1266 corymbosi,
995 1219 1143 1264 calycis
1157 1219 1311 1254 laciniae
1327 1222 1463 1261 acutae,
1482 1222 1550 1254 etc.
1570 1221 1601 1254 A
1621 1219 1660 1256 S.
1670 1219 1830 1266 junipe-

125 1272 215 1310 νίηᾶ
234 1273 396 1308 floribus
419 1280 497 1305 non
517 1269 809 1312 subsessilibus,
829 1267 973 1312 calycis
1003 1267 1157 1302 laciniis
1186 1277 1265 1301 non
1295 1266 1662 1312 pectinato-ciliatis,
1681 1266 1831 1313 petalo-

125 1332 213 1365 rum
236 1321 361 1356 forma
377 1319 534 1364 longius
554 1316 681 1351 distat.

191 1477 252 1517 13.
287 1474 336 1517 S.
365 1472 708 1529 juniperina
745 1471 928 1526 (Adams
966 1470 1012 1512 in
1050 1469 1172 1512 Web.
1206 1472 1249 1511 et
1284 1469 1418 1511 Mohr.
1458 1469 1592 1512 Beitr.
1625 1468 1657 1516 Ι,
1682 1483 1724 1524 p.
1753 1469 1832 1525 53)

124 1535 339 1588 cespItosa
366 1532 607 1586 pulvinaris
629 1530 864 1572 caudiculis
905 1530 1015 1572 foliis
1056 1529 1189 1571 dense
1230 1528 1467 1570 imbricatis
1495 1526 1692 1581 obtectis,
1714 1528 1829 1571 foliis

126 1591 646 1646 subulato-pungentibus
679 1587 1207 1643 subtr-iqiletre-carinatis
1250 1599 1375 1641 parce
1410 1587 1634 1630 foveolatis
1669 1600 1832 1630 versus

124 1653 248 1695 basin
276 1650 563 1693 denticulatis,
587 1647 782 1691 caulibus
807 1648 1008 1690 floriferis
1052 1647 1325 1689 brevissimis
1368 1646 1467 1700 pilis
1509 1647 1665 1701 crispis
1707 1646 1831 1689 villo-

124 1712 247 1759 suIIs,
275 1711 386 1753 foliis
407 1709 589 1751 caulinis
622 1707 715 1754 basi
752 1707 920 1755 ciliatis,
946 1718 1116 1749 racemo
1153 1705 1373 1747 terminali
1407 1706 1643 1759 paucissoro
1681 1706 1829 1759 spicae—

122 1771 248 1813 sormi
289 1770 479 1811 conferto
523 1767 718 1818 oblongo,
771 1766 1028 1820 pedunculis
1076 1764 1363 1816 brevissimis,
1416 1764 1602 1806 bracteis
1657 1764 1826 1817 ciliatis,

120 1830 277 1884 petalis
306 1829 433 1870 luteis
462 1826 895 1879 lineari-spatliulatis
919 1824 1095 1873 lacinias
1122 1824 1333 1877 calycinas
1361 1824 1827 1877 oblongo-lanceolatas

121 1888 413 1931 acutiusculas
440 1885 884 1928 ciliato-denticulatas
914 1884 1043 1926 tertia
1064 1887 1186 1938 parte
1210 1883 1535 1937 superantibus,
1564 1882 1825 1925 staminibus

122 1949 307 1990 exsertis
343 1950 397 1991 26.
422 1946 475 1987 Ic.
509 1944 679 1987 Sternb.
708 1944 814 1986 Rev.
843 1943 926 1985 tab.
960 1945 1030 1985 10.

168 2021 269 2056 Hab.
289 2021 327 2055 in
344 2020 500 2066 regione
520 2019 654 2065 alpina
672 2018 863 2065 superiori
877 2017 990 2052 Ponti
1005 2017 1132 2056 Lazici
1151 2027 1269 2063 supra
1288 2015 1425 2062 Djimil
1448 2015 1488 2050 in
1508 2003 1723 2062 parie'tibus
1742 2025 1827 2051 ver-

120 2069 303 2104 ticalibus
322 2068 479 2114 rupium
499 2067 563 2101 alt.
590 2066 693 2101 9000'
717 2064 856 2109 (Ball),
887 2065 1061 2100 Caucaso
1091 2065 1199 2099 omni
1227 2063 1339 2109 (ΜΒ.
1370 2063 1513 2108 Stevl),
1540 2062 1701 2098 centrali
1728 2063 1830 2098 inter

119 2115 405 2151 Wladikaukas
425 2118 462 2149 et
481 2114 592 2148 Tiflis
608 2112 836 2149 3000'-4500'
855 2114 970 2158 atque
990 2112 1170 2147 orientali
1184 2112 1225 2147 in
1240 2110 1473 2146 CheWsuria
1493 2112 1530 2145 et
1550 2120 1673 2157 prope
1692 2109 1826 2145 Gunib

119 2163 347 2199 600029600’
371 2162 545 2208 (Ruprl).

166 2226 277 2261 Folia
294 2226 357 2261 3-4
374 2226 499 2260 lineas
516 2224 634 2269 longa
655 2223 743 2266 basi
761 2223 876 2259 linere
896 2223 938 2265 Ὗς,
965 2223 1054 2267 lata,
1086 2222 1282 2258 emarcida
1299 2221 1496 2257 interdum
1513 2221 1670 2265 reflexa,
1689 2220 1823 2256 caules

120 2274 279 2308 floriferi
311 2274 371 2308 1-1
397 2273 435 2316 ¹l2
461 2272 666 2319 pollicares
694 2270 764 2306 sed
789 2271 991 2306 interdum
1021 2280 1199 2306 racemus
1226 2269 1266 2304 in
1287 2269 1422 2304 rosula
1445 2268 1606 2312 sessilis,
1624 2268 1739 2303 flores
1757 2277 1824 2303 eos

120 2319 157 2357 S.
180 2320 286 2356 [nevis
304 2321 521 2356 referentes.

178 2387 221 2440 β.
256 2384 585 2438 hraclzgspleylla.
610 2409 667 2416 —
693 2384 809 2427 Folia
851 2383 976 2425 valde
1024 2383 1235 2425 diminuta
1261 2381 1570 2435 sesquilineam
1594 2391 1709 2434 saepe
1736 2392 1823 2423 non

120 2446 369 2489 excedentia
393 2445 527 2487 dense
551 2444 833 2495 columnaria,
857 2454 1054 2485 racemus
1082 2441 1360 2495 pauciflorns.

166 2520 267 2556 Hab,
286 2519 325 2554 in
346 2518 625 2554 excelsissimis
646 2517 801 2561 Tindal,
821 2516 962 2562 Bogos,
980 2515 1190 2551 Tuschetia
1210 2515 1248 2549 et
1265 2513 1494 2549 Chewsuria
1513 2512 1679 2548 Caucasi
1698 2513 1827 2548 orien-

117 2567 207 2603 talis
225 2566 476 2602 soce-1180&
496 2565 710 2611 (Ruprecht
723 2566 761 2609 l).

164 2631 410 2668 Intermediis
429 2630 567 2665 formis
586 2628 637 2664 ad
658 2631 795 2675 typum
815 2626 967 2662 transit.

180 2791 247 2831 114.
283 2787 334 2831 S.
365 2786 652 2841 Kotschyi
674 2785 835 2841 (Boiss.
877 2785 1030 2837 Diagn.
1079 2782 1130 2834 [L
1174 2784 1213 2835 02,
1256 2795 1298 2836 p.
1338 2780 1417 2824 652
1443 2781 1823 2835 cespitoso-pulvi-

115 2849 248 2897 naris,
276 2847 512 2890 caudiculis
548 2846 681 2887 dense
720 2848 762 2886 et
802 2843 1057 2885 imbricatim
1094 2842 1270 2893 foliosis,
1303 2841 1420 2884 soliis
1448 2841 1820 2894 lineari-oblongis

115 2907 428 2950 obtusiusculis
456 2917 590 2958 supra
616 2903 907 2946 canaliculatis
935 2902 1092 2944 subtus
1120 2900 1324 2943 carinatis
1354 2900 1822 2942 membranaceo-mar-

114 2967 270 3020 ginatis
296 2965 385 3007 basi
414 2964 688 3007 denticulatis
714 2965 917 3004 caeterum
944 2960 1126 3013 integris
1149 2962 1315 3002 remote
1340 2959 1578 3011 foveolatis‚
1621 2958 1822 3000 caulibus
