2045 3227
77 256 194 293 Viciu.
769 259 1046 287 meummosAE.
1688 246 1762 283 575

107 338 208 374 Hah.
227 336 268 372 in
285 336 399 373 cultis
417 335 536 371 totius
554 334 724 381 regionis
739 344 763 369 a
784 333 936 369 Graecia
949 332 1000 368 ad
1017 331 1283 378 Affghaniam.

117 404 160 458 β.
188 401 404 456 albiflora.
432 426 483 431 -
516 399 685 442 Corolla
710 399 818 441 alba.

105 478 206 514 Hah.
226 477 267 512 in
282 476 399 512 cultis
418 475 579 522 AEgypti
597 473 791 510 inferioris
810 475 848 509 et
864 472 1072 509 Palestinae
1091 471 1222 518 (Boiss
1234 473 1271 517 l).

118 563 158 602 y.
177 541 370 585 cordata,
399 566 454 572 —
484 541 648 584 Foliola
666 540 834 582 minora
854 540 944 581 fere
966 539 1109 582 omnia
1133 538 1368 581 obcordata·
1383 538 1454 581 vel
1478 537 1672 581 breviter
1689 551 1763 581 cu-

60 604 183 645 neata
209 604 370 644 retusa.
398 625 453 631 —
490 599 532 643 V.
559 599 739 642 cordata
765 598 898 641 Wulf.

107 677 209 713 Hah.
229 677 270 712 in
288 676 477 712 montosis
495 675 633 711 Atticae
651 676 690 710 in
715 673 911 710 Pentelico
932 673 1125 719 (Heldrl),
1156 673 1271 719 Syria
1288 669 1328 708 in
1347 672 1451 718 agris
1469 682 1591 719 prope
1610 672 1761 719 Aloppo

60 723 283 770 (Hausskl),
300 724 340 758 in
359 725 489 758 monte
507 722 633 758 Gebel
661 722 866 757 Khaisoun
884 731 1005 767 prope
1036 721 1272 757 Damascum
1299 719 1473 766 (Gailll),
1506 719 1546 754 in
1571 720 1763 756 montosis

59 782 168 819 prov.
186 770 404 806 Asterabad
423 770 568 805 Persiae
594 768 764 805 borealis
783 769 932 814 (Bgel).

123 836 160 880 ὃ.
194 834 493 888 amphicarpa.
519 858 577 866 ——
602 834 762 876 Foliola
794 835 976 875 cuneata
1000 833 1070 875 vel
1092 832 1286 875 breviter
1305 831 1485 874 linearia
1510 836 1674 884 retusa,
1703 831 1764 874 la-

60 895 182 938 ciniae
208 894 408 949 calycinae
433 893 537 937 tubo
564 893 723 947 saepius
744 892 992 950 breviores,
1018 891 1128 934 rami
1150 891 1351 934 nonnulli
1372 891 1604 933 inferiores
1632 891 1764 934 stolo-

61 955 266 997 niformes
289 952 396 996 nudi
419 952 552 995 flores
579 951 833 995 ecorollatos
859 954 902 993 et
922 951 1147 1004 legumina
1162 949 1303 993 albida
1338 949 1499 1003 saepius
1526 954 1652 992 ovata
1674 962 1766 992 mo-

61 1024 294 1067 nosperma
323 1012 528 1054 ferentes,
557 1035 615 1042 —-
669 1010 710 1053 V.
734 1009 1024 1062 amphicarpa
1063 1010 1230 1052 Dortm.
1258 1009 1412 1052 Journ.
1451 1009 1582 1063 Phys.
1623 1010 1691 1061 35,
1720 1021 1762 1063 p.

106 1138 206 1173 Hah.
227 1138 267 1173 in
296 1137 416 1173 aridis
443 1137 605 1174 Graeciae
634 1135 685 1172 ad
714 1135 875 1171 Eleusin
905 1134 1096 1179 (Heldrli,
1118 1134 1379 1181 Peloponnesi
1407 1134 1616 1179 (Gittarffl)
1649 1133 1765 1168 Pam-

59 1185 210 1268 ffyliae
228 1186 269 1220 in
285 1185 415 1239 pineto
434 1184 484 1219 ad
498 1183 721 1220 Tchakalar
731 1182 874 1236 (Heldr
888 1183 925 1227 !),
943 1182 1152 1237 Palestinae
1170 1182 1220 1216 ad
1237 1181 1443 1217 meridiem
1461 1182 1570 1216 Gaza
1588 1181 1761 1226 (Boissl),

103 1234 352 1279 esopotamiae
369 1242 410 1267 m
428 1231 580 1267 deserto
603 1230 654 1267 ad
671 1230 823 1266 radices
841 1231 986 1265 montis
1004 1228 1161 1276 Sdear
1183 1228 1408 1274 (Hausskl).

121 1316 151 1341 ε.
181 1296 362 1350 pusilla.
383 1321 436 1327 --
462 1297 640 1349 Minuta,
665 1298 751 1338 tota
776 1294 987 1349 adpresse
1006 1294 1190 1347 hirsuta,
1213 1294 1354 1336 foliola
1373 1296 1555 1347 anguste
1585 1293 1765 1335 linearia

59 1359 259 1400 truncata
284 1357 354 1398 vel
375 1359 524 1399 retusa
549 1355 863 1397 mucronulata.
894 1378 953 1385 —
997 1352 1041 1396 V.
1072 1353 1217 1406 pilosa
1236 1352 1344 1395 ΜΒ.
1379 1353 1509 1395 Taur.
1548 1351 1674 1395 Cauc.
1709 1351 1764 1404 II,

60 1427 101 1470 p.
128 1417 206 1458 161
235 1414 351 1470 (Vid.
378 1416 507 1458 floris.
533 1415 578 1457 in
601 1414 723 1457 herb.
747 1413 868 1468 ne).

108 1489 208 1525 Hab.
227 1489 267 1524 in
286 1490 440 1525 saxosis
457 1489 611 1525 Tauriae
630 1499 750 1535 prope
769 1487 905 1524 Sudak
926 1487 1082 1534 (Stevl).

108 1543 260 1591 Species
277 1543 461 1580 foliorum
474 1544 599 1579 forma
616 1545 654 1578 et
670 1543 810 1579 florum
828 1542 1100 1589 magnitudine
1120 1542 1238 1578 valde
1255 1539 1520 1588 polymorpha
1538 1542 1577 1576 et
1592 1539 1762 1588 probab.

61 1601 140 1627 non
158 1591 253 1627 satis
282 1602 303 1626 a
345 1590 383 1626 V.
416 1588 546 1628 sativa*
572 1591 767 1636 distincta,
797 1601 889 1626 nam
907 1590 1125 1638 specimina
1143 1589 1327 1636 quaedam
1350 1588 1481 1635 quoad
1505 1587 1708 1634 legumina
1725 1589 1764 1623 et

64 1638 214 1675 semina
231 1638 464 1674 intermedia
477 1638 673 1674 videntur.

107 1703 166 1738 Ar.
196 1703 329 1748 Geoqr.
364 1702 532 1748 Europa,
560 1701 690 1737 Africa
717 1700 898 1739 borealis.
934 1700 1122 1736 Formam
1140 1699 1438 1747 amphiearpam
1456 1698 1599 1746 quaein
1618 1699 1765 1734 formas

114 1749 192 1833 ἓξὲξ
209 1750 472 1833 ἱοὲὲὲὲῗίεῖξῶεἶ
487 1749 699 1785 dissimiles
718 1749 882 1785 occurrit
898 1758 946 1784 ex
965 1747 1171 1794 Hispania,
1205 1747 1338 1783 Gallia
1355 1746 1529 1792 australi,
1547 1745 1762 1792 Lusitania,

361 1826 369 1843 ,
476 1824 483 1831 .

604 1932 641 1966 ><
699 1932 734 1965 ><
788 1925 949 1962 Semina
966 1925 1223 1962 tuberculata.

125 2009 188 2050 18.
215 2007 278 2051 V.
314 2005 687 2062 lathyroides
710 2007 778 2063 (L.
810 2007 883 2062 Sp.
911 2007 1042 2063 1037)
1068 2007 1215 2062 patule
1239 2005 1582 2056 velutino-hirta.
1629 2005 1763 2047 cauli-

63 2066 145 2108 bus
170 2067 343 2120 pusillis
366 2066 557 2121 pumilis,
582 2067 695 2110 foliis
725 2079 933 2110 mucrone
965 2067 1035 2109 vel
1073 2065 1216 2108 cirrhb
1246 2064 1370 2107 brevi
1397 2064 1583 2118 simplici
1610 2064 1764 2106 termi-

63 2125 175 2168 natis
198 2126 406 2180 2-4-jugis
431 2125 584 2168 foliolis
616 2126 1018 2179 obovato-oblongis
1041 2124 1257 2168 truncatis
1287 2124 1357 2166 vel
1380 2123 1543 2166 retusis
1564 2122 1764 2165 breviter

63 2185 342 2238 mucronatis,
358 2185 530 2239 stipulis
544 2185 866 2238 semisagittatis
890 2185 1085 2239 integris,
1105 2183 1289 2227 floribus
1305 2183 1486 2225 minutis
1508 2181 1765 2224 axillaribus

66 2243 270 2286 solitariis
294 2243 629 2296 subsessilibus,
656 2244 812 2298 calycis
847 2244 958 2286 hirti
991 2244 1151 2286 corolla
1185 2242 1375 2285 violacea
1415 2242 1548 2295 duplo
1583 2241 1768 2282 minoris

65 2300 230 2344 laciniis
274 2302 520 2345 lanceolatis
560 2303 802 2357 aequalibus
841 2303 1054 2358 porrectis
1095 2302 1200 2345 tubo
1246 2301 1614 2355 subaequilongis‚
1652 2300 1772 2352 legu-

66 2357 181 2402 mine
207 2364 387 2414 anguste
409 2362 560 2404 lineari
588 2362 924 2416 subcompresso
949 2361 1099 2415 glabro
1125 2361 1199 2403 vix
1238 2363 1417 2403 curvato
1443 2360 1638 2402 breviter
1665 2361 1773 2400 atte-

66 2422 472 2463 nuato-mucronato
515 2421 708 2474 margine
744 2421 973 2475 superiore
1002 2420 1289 2470 rectiusculo‚
1324 2419 1566 2462 seminibus
1608 2416 1771 2460 cubicis

67 2477 348 2521 tuberculatis
370 2479 456 2521 hilo
483 2483 608 2522 ovato
640 2484 704 2531 Θ.
734 2479 789 2522 Ic.
812 2479 929 2522 Lam.
962 2480 1026 2521 Ill.
1053 2480 1140 2522 tab.
1168 2480 1270 2531 634,
1304 2478 1374 2532 fig.
1404 2479 1446 2520 2.

70 2598 79 2606 ·
114 2552 213 2588 Hah.
232 2553 272 2588 in
289 2553 456 2589 collibus
471 2555 509 2589 et
527 2555 703 2590 arenosis
731 2555 869 2590 Atticae
896 2555 936 2590 in
970 2556 1103 2590 monte
1121 2554 1267 2589 Parnes
1300 2553 1431 2598 (Boiss
1451 2554 1487 2597 1),
1515 2551 1567 2587 Ce
1598 2550 1771 2586 haloniae

68 2609 109 2635 m
127 2603 258 2636 monte
276 2601 398 2637 OEnos
417 2601 604 2646 (Heldr!),
623 2601 800 2637 Thraciae
819 2604 858 2637 et
877 2601 926 2638 ad
940 2602 1179 2647 Byzantium
1197 2600 1380 2645 (Grisebl
1402 2599 1552 2643 Cleml),
1606 2597 1772 2643 ithyniae

69 2646 227 2690 (Griseb
238 2649 275 2692 1),
294 2648 429 2693 Lydiae
446 2649 485 2683 in
504 2647 671 2684 collibus
690 2650 727 2684 et
744 2648 885 2684 insulis
904 2649 1006 2684 cirea
1023 2648 1234 2694 Smyrnam
1252 2647 1402 2692 (Boissl
1425 2646 1546 2691 Ball),
1569 2644 1709 2680 Libani
1731 2644 1772 2679 in

67 2692 225 2777 {13⁰3}
227 2695 366 2777 <3I.)jurd
398 2695 528 2738 Hadet
550 2695 659 2741 (ΒΗ),
692 2696 847 2763 Tauriae
879 2698 918 2731 et
947 2706 1057 2743 prov.
1104 2695 1537 2731 Transcaueasioarum.
1582 2690 1773 2737 (Ledeb.).

115 2804 177 2840 Ar.
199 2805 330 2851 Geoqr.
356 2805 513 2853 Europa
530 2806 660 2842 media
678 2807 715 2842 et
732 2805 917 2842 australis
936 2817 960 2842 a
988 2806 1252 2842 Scandinavia
1280 2807 1400 2841 austr.
1420 2804 1470 2840 ad
1488 2803 1671 2840 Rossiam
1691 2813 1773 2838 me·-

72 2849 191 2897 diam,
209 2853 338 2888 Africa
355 2853 526 2890 borealis
541 2854 582 2889 in
600 2854 770 2889 Atlante.

135 2976 199 3016 19.
226 2973 288 3017 V.
311 2975 629 3031 cuspidata
650 2976 811 3034 (Boiss.
840 2977 993 3030 Diagn.
1019 2976 1111 3020 Ser.
1136 2976 1169 3029 Ι,
1205 2977 1244 3029 2,
1268 2988 1307 3030 p.
1337 2975 1441 3030 104)
1469 2975 1645 3027 hirtula,
1671 2987 1771 3017 eau-

72 3031 186 3077 libus
208 3034 541 3079 ascendentibus
565 3035 756 3090 pumilis‚
797 3035 910 3078 foliis
937 3036 983 3078 in
1005 3035 1200 3078 cirrhum
1236 3035 1477 3090 simplicem
1507 3033 1773 3076 abeuntibus
