2045 3227
104 227 339 275 Trzssqonella.
813 233 1093 260 LEGUMINOSAE.
1757 220 1806 256 69

100 311 300 365 capitulis
331 309 469 353 ovatis
496 306 733 350 fructiferis
760 305 1016 358 laxiusculis
1044 303 1261 356 oblongis,
1293 303 1450 357 calycis
1482 303 1644 344 corolla
1669 314 1807 344 caeru-

98 369 279 412 lescenti
311 369 411 423 plus
440 366 617 410 dimidio
640 364 858 408 brevioris
886 362 1052 406 laciniis
1077 361 1328 405 lanceolatis
1363 362 1468 404 tubo
1506 360 1806 403 subbreviori-

99 429 197 477 bus,
218 427 435 481 legumine
458 425 602 479 calyce
626 423 843 477 subtriplo
867 422 1063 475 longiore
1087 421 1271 475 oblongo
1294 421 1632 474 subcomprcsso
1657 419 1809 461 nervis

100 485 489 541 longitudinalibus
512 484 666 527 striato
688 482 823 525 latere
847 481 1066 535 superiori
1083 493 1275 525 convexo
1295 480 1338 522 in
1354 483 1550 523 rostrum
1572 480 1805 521 incurvum

98 558 149 597 eo
171 545 351 588 brevius
380 544 531 586 seusin
563 544 785 592 attenuato
822 542 894 583 1-2
916 552 1092 595 spermo
1123 544 1188 591 Θ.
1226 539 1279 581 Ic.
1320 539 1454 581 Rclib.
1488 539 1545 592 pl.
1576 536 1680 579 Crit.
1715 537 1801 579 tab.

103 605 202 646 344.
222 623 281 635 *-
302 602 523 646 Melilotus
547 598 839 654 procumbens
855 599 1017 641 Besser
1032 599 1186 642 Enum.
1207 598 1332 641 Volh.
1351 611 1391 653 p.
1415 599 1470 640 30
1494 598 1670 652 (nomen
1700 595 1811 638 anti-

98 663 231 717 quius
259 663 338 705 sed
363 660 686 715 improprium).

145 745 244 781 Hah.
262 745 304 780 in
319 744 434 780 cultis
460 742 644 788 Phrygiae
661 751 779 802 prope
797 739 962 778 Ouchak
981 740 1047 795 alt.
1073 739 1178 798 3900'
1197 739 1339 786 (Ball),
1364 740 1562 776 Armeniae
1593 739 1642 775 ad
1659 739 1807 793 'Tr-ape-

96 795 253 829 zuntem
274 792 419 837 (Huetl
439 792 475 826 et
506 790 689 825 Erzerum
708 789 827 833 (Lalv
842 791 880 833 Ι),
898 788 1053 824 Tauriae
1068 788 1219 832 (δίεν.)

145 859 178 892 A
211 855 252 892 T.
270 852 442 892 eaeruled
459 853 604 890 eximia
625 852 810 888 distincta
838 845 947 887 foliis
973 851 1283 897 angustioribus,
1300 850 1500 896 legumine
1526 850 1645 897 triplo
1665 850 1806 896 majori

94 904 266 949 oblongo
283 902 411 948 magis
428 910 654 948 compresso
671 901 694 936 2
714 899 799 944 ¹l²·3
816 899 943 935 lineas
961 898 1081 945 longo
1099 898 1260 945 oblique
1279 900 1457 934 rostrato.

141 968 204 1003 Ar.
226 967 360 1012 Geoqr.
390 964 606 1011 Hungaria,
624 963 768 999 Bossia
792 962 992 1002 australis.

694 1100 716 1156 g
751 1102 790 1143 2.
811 1124 871 1133 -
893 1099 1202 1145 Gladiatae.

169 1210 187 1227 *
213 1211 415 1257 Legumen
431 1221 701 1258 compressum
726 1210 860 1247 nervis
885 1211 1112 1245 suturarum
1134 1209 1369 1245 manifestis.
1397 1208 1558 1245 Semina
1576 1212 1705 1245 ovata.

154 1319 192 1360 5.
220 1317 275 1360 T.
295 1315 566 1372 gladiata
584 1316 725 1373 (Stev.
740 1316 828 1359 Cat.
847 1316 898 1358 H.
918 1315 1108 1359 Gorenk.
1128 1318 1254 1369 1808,
1270 1330 1311 1371 p.
1333 1317 1436 1371 112)
1458 1317 1668 1371 adpressc
1688 1317 1806 1360 rufo-

93 1377 245 1431 pilosa,
266 1376 462 1418 caulibus
490 1377 724 1430 prostratis
751 1376 821 1418 vel
858 1376 1216 1426 ascendentibus,
1253 1376 1429 1430 stipulis
1467 1376 1716 1418 lanceolatis
1742 1376 1808 1418 in-

93 1436 245 1489 tegris,
262 1435 416 1478 foliolis
428 1435 610 1477 obovato
625 1435 694 1477 vel
704 1435 1154 1478 obcordato-cuneatis
1168 1436 1289 1489 apice
1299 1435 1501 1486 dentatis,
1511 1435 1694 1478 floribus
1705 1435 1809 1477 sub-

96 1495 316 1542 solitariis,
343 1494 500 1547 calycis
527 1495 685 1537 corolla
702 1494 860 1548 pallide
890 1494 1145 1537 ochroleuca
1167 1494 1344 1537 dimidio
1367 1494 1583 1537 brevioris
1601 1494 1808 1537 dentibus

93 1553 343 1596 lanceolatis
374 1553 587 1607 plumosis
610 1553 715 1596 tubo
752 1553 1122 1607 subaequilongIS,
1150 1554 1365 1607 legumine
1390 1553 1504 1595 hirto
1530 1553 1685 1606 lineari
1706 1551 1810 1596 sub-

92 1624 344 1666 compresso
396 1612 664 1655 subincurvo
712 1612 862 1655 nervis
906 1612 1166 1666 prominulis
1207 1612 1595 1664 longitudinalibus
1633 1614 1809 1654 anasto-

95 1671 367 1714 mosantibus
389 1683 600 1724 percurso
619 1672 664 1713 in
685 1675 878 1714 rostrum
896 1674 1065 1714 rectum
1083 1672 1459 1726 subaequilongurn
1478 1671 1809 1726 abruptiuscule

96 1733 332 1781 attenuato,
360 1730 601 1772 seminibus
631 1730 706 1772 5-7
734 1731 1020 1773 tuberculatis
1046 1735 1110 1782 Θ.
1142 1732 1183 1773 Τ.
1204 1733 1439 1784 prostrata
1462 1743 1543 1773 nc.
1570 1731 1633 1773 Fl.
1660 1731 1731 1773 Fr.
1765 1743 1805 1773 v.

99 1803 137 1842 p.
158 1790 240 1831 571
272 1814 325 1818 -—
354 1788 458 1831 Mor.
483 1789 545 1831 Fl.
570 1789 694 1831 Sard.
719 1789 804 1831 tab.
835 1790 903 1831 54.

138 1869 239 1905 Hab.
258 1870 300 1905 in
318 1869 485 1906 collibus
504 1873 541 1906 et
558 1871 759 1906 montanis
785 1871 948 1907 Graeciae
967 1872 1006 1907 in
1034 1871 1220 1918 Argolide
1236 1871 1382 1919 (Sprun
1395 1873 1432 1917 l),
1450 1871 1647 1908 Pentelico
1667 1872 1806 1908 Atticae

92 1917 243 1962 (Heldr.
272 1917 390 1953 Herb.
412 1918 545 1954 Norm.
571 1918 691 1963 5951),
723 1918 1080 1954 Helicone-Beotiae
1107 1919 1284 1966 (Orphl),
1303 1919 1488 1955 Anatolia
1519 1919 1569 1954 ad
1594 1920 1809 1965 Smyrnam

91 1964 241 2009 (Boissl
259 1964 344 1999 Bal.
366 1975 446 2000 exs.
462 1965 582 2010 1791),
598 1965 745 2001 Tauria
764 1965 874 2007 (Stev
887 1966 923 2011 l),
944 1976 1054 2012 prov.
1066 1966 1408 2003 Transcaucasicis
1421 1966 1472 2002 ad
1490 1966 1605 2002 Baku
1621 1967 1680 2011 (C.
1692 1967 1769 2003 AM
1781 1967 1807 2011 .)

95 2013 134 2046 et
151 2012 190 2047 in
212 2011 362 2047 ditione
380 2012 591 2058 Karabagh
608 2012 739 2057 (Szow
751 2014 788 2058 l).
812 2012 873 2048 Fl.
892 2024 994 2049 vere.

94 2121 106 2156 l
140 2075 341 2130 Legumen
376 2087 463 2112 cum
495 2079 620 2113 rostro
647 2076 884 2124 bipollicare·
906 2076 995 2113 basi
1024 2077 1046 2111 2
1080 2077 1207 2113 lineas
1234 2078 1379 2123 latum,
1413 2078 1527 2113 flores
1560 2077 1584 2114 3
1613 2078 1655 2124 ¹l²
1680 2078 1806 2114 lineas

111 2133 157 2158 on
190 2134 212 2158 1.

153 2133 216 2223 Agr.
246 2186 380 2234 Geoqr.
410 2188 617 2235 Hispania,
635 2188 768 2225 Gallia
786 2188 982 2235 australis,
1001 2189 1126 2235 Italia,
1148 2189 1355 2235 Dalmatia,
1376 2190 1508 2226 Africa
1526 2190 1707 2226 borealis.

153 2321 192 2362 6.
225 2319 280 2362 T.
304 2319 609 2363 Cariensis
632 2319 793 2375 (Boiss.
824 2320 945 2374 Diag.
971 2320 1063 2363 Ser.
1101 2320 1143 2373 I,
1173 2322 1213 2373 2,
1239 2334 1279 2375 p.
1316 2321 1391 2375 21)
1418 2322 1805 2375 rufescenti-birta,

95 2378 298 2422 caulibus.
320 2378 569 2432 prostratis,
610 2379 786 2433 stipulis
816 2379 904 2422 late
932 2380 1181 2422 lanceolatis
1208 2380 1406 2434 integris,
1434 2381 1590 2424 foliolis
1608 2381 1805 2424 obovatis

95 2437 163 2480 vel
192 2437 465 2480 subcordatis
495 2436 619 2491 apice
648 2438 860 2491 dentatis,
888 2438 1073 2481 floribus
1107 2439 1332 2492 subbinis,
1352 2439 1507 2493 calycis
1529 2441 1688 2483 corolla
1711 2440 1806 2482 alba

96 2496 528 2549 violaceo-variegata
561 2496 739 2540 dimidio
777 2497 994 2540 brevioris
1043 2497 1247 2541 dentibus
1283 2498 1498 2541 subulatis
1540 2500 1645 2541 tubo
1673 2499 1804 2553 triplo

94 2554 372 2597 brevioribus
392 2589 402 2605 ,
436 2556 655 2609 legumine
689 2556 900 2610 adpresse
938 2556 1052 2599 hirto
1090 2557 1221 2611 plano
1253 2557 1617 2612 elliptico-lineari
1654 2558 1805 2600 subin-

93 2626 227 2656 curvo
243 2614 679 2669 reticulato-nervoso
701 2615 746 2657 in
771 2618 965 2658 rostrum
988 2616 1242 2658 subillatum
1266 2628 1315 2659 eo
1348 2618 1365 2658 1
1397 2615 1504 2670 ¹s'2-2
1540 2617 1609 2671 plo
1632 2617 1804 2670 longius

91 2673 277 2726 abrupte
299 2675 342 2715 et
364 2673 538 2727 oblique
566 2674 757 2727 abeunti,
773 2674 1024 2717 seminibus
1051 2676 1124 2716 5-7
1151 2675 1406 2717 tenuissime
1422 2675 1713 2718 tuberculatis
1736 2679 1803 2727 Θ.

96 2731 143 2772 Τ.
176 2731 552 2784 Foemcmyroecum
586 2732 722 2775 Sibth.
749 2733 811 2775 Fl.
840 2745 966 2786 graec.
1008 2733 1138 2786 V111,.
1157 2746 1199 2787 p.
1227 2736 1297 2777 48.
1326 2735 1410 2776 tab.
1437 2736 1520 2776 766
1548 2747 1631 2776 non
1662 2734 1706 2776 L.
1748 2757 1803 2764 ——

97 2789 140 2831 Τ.
168 2789 452 2842 lonyirostris
479 2790 594 2833 Stev.
630 2791 760 2835 Taua.
782 2805 822 2846 p.
853 2792 949 2834 112.

141 2865 240 2900 Hab.
259 2866 299 2901 in
325 2866 495 2902 collibus
521 2866 559 2902 la
591 2866 714 2903 idosis
732 2867 871 2902 Atticae
890 2867 931 2902 in
949 2870 1081 2903 monte
1101 2868 1354 2904 Turcobouni
1384 2870 1423 2904 et
1446 2868 1487 2904 in
1505 2868 1637 2904 insula
1654 2868 1807 2904 Salami

95 2911 276 2957 (Heldrl),
308 2912 487 2957 Smyrnae
516 2914 564 2959 (F
584 2914 700 2949 eisch.
728 2924 809 2950 exs.
846 2915 922 2949 sub
953 2914 996 2950 T.
1026 2914 1228 2997 fladiatci,
1253 2916 1336 2951 Bal.
1363 2926 1442 2951 exs.
1469 2915 1594 2959 1781),
1613 2915 1729 2951 Caria
1753 2915 1803 2950 ad

96 2958 259 3004 Moglah
278 2960 418 3004 (Auen.
437 2971 516 2996 exs.
534 2961 629 2996 1160
641 2963 678 3006 Ι),
690 2960 930 3008 Pamphylia
948 2962 1026 3007 (He
1044 2962 1090 2998 dr
1102 2964 1139 3008 l),
1153 2963 1274 3009 Lycia
1287 2963 1337 2998 ad
1347 2962 1506 2999 Elmalu
1516 2962 1676 3008 (Bourg.
1688 2963 1806 3008 exst),

96 3004 235 3041 Rhodo
253 3008 291 3042 et
309 3006 438 3054 Cypro
456 3007 588 3053 (Sibth
600 3009 636 3053 l).
654 3008 711 3044 Fl.
732 3009 825 3056 Apr.
843 3007 934 3044 Mai.
