2085 3231
246 186 295 223 70
955 190 1233 217 LEGUMINOSAE.
1711 177 1947 224 Trzjqonella,

292 265 427 302 Flores
439 265 479 309 (9
495 264 621 300 lineas
638 262 766 309 longi)
784 261 839 298 eis
862 261 925 297 Tr.
942 260 1137 308 gladiatae
1153 260 1230 295 fere
1248 259 1366 307 triplo
1376 260 1557 305 majores,
1576 259 1761 305 legumen
1779 257 1947 305 planum

246 323 316 349 nec
333 313 698 358 subcompressum,
726 309 815 345 9-10
831 309 957 344 lineas
975 308 1139 354 longum
1158 307 1182 342 3
1197 306 1332 353 latum,
1351 309 1477 343 rostro
1500 306 1617 342 valde
1642 305 1805 352 obliquo
1823 306 1884 341 1-1
1905 306 1947 350 ¹l2

248 360 424 408 pollicari
455 360 692 405 superatum.

292 452 311 474 ¹*
331 452 350 470 *
375 453 577 500 Legumen
606 453 706 487 teres
739 449 998 496 cylindricum
1023 449 1170 485 sensim
1205 448 1449 484 attenuatum
1468 447 1599 483 nervis
1629 446 1878 483 suturalibus

782 496 1031 541 indistinctis,
1050 496 1202 532 semina
1220 495 1421 543 quadrata.

309 641 345 682 7.
378 639 434 682 T.
477 634 991 691 macrorrhyncha
1027 633 1186 689 (Boiss.
1214 633 1367 686 Diagn.
1397 631 1490 675 Ser.
1513 631 1545 684 I,
1569 632 1609 683 2,
1631 644 1673 685 p.
1699 631 1774 687 21)
1807 632 1951 681 rufes-

247 698 613 752 centi-hispidula‚
640 696 837 738 caulibus
861 693 1212 745 ascendentibus,
1241 692 1415 745 stipulis
1442 691 1527 733 late
1551 691 1689 733 ovatis
1723 702 1949 734 mucrona-

247 758 374 810 natis,
415 757 568 799 foliolis
610 755 747 797 ovatis
774 757 818 795 et
842 752 1038 795 obovatis
1074 750 1379 803 denticulatis,
1421 749 1604 791 floribus
1641 750 1847 792 solitariis
1875 751 1943 793 vel

245 815 441 871 geminis,
465 814 618 869 calycis
642 813 803 867 hispidi
822 812 981 854 corolla
1004 810 1162 865 pallide
1190 809 1444 852 ochroleuca
1469 808 1601 862 triplo
1623 808 1853 864 ,brevioris
1886 808 1946 851 la-

247 875 371 918 ciniis
410 875 514 916 tubo
545 873 712 926 3-4-plo
742 870 1044 921 brevioribus,
1089 870 1305 923 legumine
1354 867 1563 921 adpresse
1608 867 1721 910 hirto
1755 867 1946 910 coriaceo

247 934 399 976 lineari
433 936 606 974 arcuato
627 932 675 973 in
701 934 896 973 rostrum
918 941 968 971 eo
990 928 1160 982 longius
1188 927 1352 970 sensim
1382 928 1604 968 attenuato
1630 926 1779 968 nervis
1807 926 1948 969 eleva-

247 992 303 1035 tis
321 990 707 1045 longitudinalibus
734 987 1158 1031 anastomosantibus
1173 997 1384 1040 percurso
1411 988 1454 1027 et
1474 984 1528 1026 ad
1546 987 1778 1039 utramque
1798 985 1949 1028 faciem

248 1053 366 1094 costa
389 1050 589 1093 validiori
609 1049 823 1102 angulato,
847 1046 1087 1090 seminibus
1119 1046 1247 1088 10-12
1275 1044 1459 1086 laevibus
1487 1047 1552 1094 O.

291 1125 390 1160 Hab.
406 1124 447 1158 in
461 1123 658 1169 argillosis
678 1121 823 1157 Ciliciae
842 1120 981 1165 (Auch,
999 1129 1082 1155 exs.
1098 1118 1192 1155 1158
1204 1120 1240 1164 ἔ),
1255 1118 1306 1153 ad
1319 1117 1448 1154 Gulek
1467 1115 1558 1162 (Bal
1568 1118 1605 1164 l),
1624 1118 1664 1153 in
1676 1120 1807 1153 monte
1824 1117 1947 1153 Gebel

261 1172 346 1209 Nur
363 1170 509 1206 Ciliciae
526 1169 706 1205 Kurdicae
725 1169 792 1204 alt.
811 1167 915 1203 2000'
942 1167 1032 1214 (Ky.
1047 1177 1127 1202 exs.
1145 1166 1216 1210 91).
1236 1166 1291 1201 Fl.
1310 1166 1402 1212 Apr.

293 1236 435 1272 Caules
453 1234 727 1289 semipedales,
753 1233 866 1287 flores
886 1233 1023 1277 magni
1048 1232 1071 1267 9
1088 1232 1214 1286 lineas
1240 1231 1360 1285 lon-gi,
1377 1231 1562 1284 legumen
1591 1240 1682 1284 curn
1700 1232 1826 1265 rostro
1855 1229 1954 1283 4ᾖχα

254 1284 348 1331 poll.
367 1283 530 1328 longum
550 1282 701 1318 mferne
726 1280 749 1316 3
771 1280 896 1316 lineas
928 1280 1061 1314 latum.
1093 1282 1247 1326 Species
1265 1278 1425 1325 stipulis
1453 1278 1532 1313 late
1549 1279 1679 1313 ovatis
1698 1279 1735 1320 et
1752 1277 1951 1323 legumine

251 1331 301 1367 ad
319 1330 437 1367 facies
463 1329 820 1376 angulato-costato
838 1327 1018 1373 insignis.

307 1481 347 1522 8.
377 1479 433 1521 Τ.
454 1478 975 1531 Foenumqraecum
998 1474 1065 1530 (L.
1095 1474 1166 1529 Sp.
1206 1474 1338 1528 1095)
1361 1484 1489 1526 parce
1516 1473 1763 1526 pubescens
1791 1475 1951 1525 erecta,

249 1538 423 1592 stipulis
454 1535 984 1589 triangulari-lanceowlatis
1026 1532 1282 1576 acuminatis
1320 1531 1530 1586 integris,
1573 1531 1728 1574 foliolis
1756 1531 1953 1574 obovatis

248 1597 319 1639 vel
341 1596 538 1649 oblongis
557 1606 748 1648 superne
772 1594 974 1643 dentatis,
996 1593 1179 1636 floribus
1196 1591 1402 1634 solitariis
1420 1590 1566 1633 rarius
1583 1590 1780 1642 geminis,
1795 1590 1954 1644 calycis

250 1656 409 1699 corolla
440 1655 581 1696 albida
609 1653 784 1695 dimidio
822 1653 1035 1696 brevioris
1070 1651 1276 1693 dentibus
1309 1650 1493 1692 hirsutis
1520 1649 1950 1692 lineari-lanceolatis

249 1715 353 1758 tubo
380 1713 743 1767 subaequilongis,
786 1712 1002 1765 legumine
1035 1711 1229 1765 glabrato
1267 1709 1420 1751 lineari
1457 1708 1794 1762 subcompresso
1822 1708 1950 1762 longo

249 1774 509 1817 subare-dato
537 1772 684 1814 nervis
704 1771 1087 1824 longitudinalibus
1111 1769 1290 1811 remotis
1307 1767 1734 1810 anastomosantibus
1759 1767 1948 1809 instruc-

248 1835 291 1876 to
312 1833 357 1875 in
383 1834 578 1874 rostrum
611 1832 780 1872 rectum
803 1842 852 1872 eo
879 1830 1009 1884 triplo
1033 1829 1212 1871 brevius
1241 1827 1404 1870 sensim
1426 1829 1676 1876 attenuato,
1705 1825 1947 1868 seminibus

254 1886 385 1934 10-20
412 1890 680 1933 laeviusculis
711 1894 775 1940 Q).
806 1888 930 1931 Schk.
960 1888 1128 1930 Handb.
1157 1887 1243 1929 tab.
1273 1887 1370 1928 211.

290 1964 393 2000 Hah.
411 1964 452 1999 in
470 1963 625 2000 collinis
642 1965 680 1999 et·
696 1963 811 1998 cultis
828 1962 1006 1998 Thraciae
1024 1961 1075 1997 ad
1093 1960 1286 2007 Gallipoli
1303 1959 1492 2005 (Cadetl),
1510 1957 1770 2005 Cappadociae
1795 1957 1846 1993 ad
1864 1957 1947 1994 Cae-

247 2022 401 2048 sareani
418 2014 456 2047 et
473 2011 618 2047 Ciliciae
644 2010 695 2045 ad
725 2010 898 2045 Mersina
924 2009 1064 2054 (Ball),
1091 2008 1236 2044 Ciliciae
1260 2007 1441 2043 Kurdicae
1467 2006 1557 2052 (ΚΥ,
1577 2016 1657 2041 exs.
1675 2006 1769 2050 281),
1791 2005 1958 2041 desertis

247 2059 543 2105 Mesopotamia}
568 2068 689 2105 prope
718 2056 812 2092 Orsa
845 2056 1067 2101 (Hausskl),
1101 2055 1326 2100 Babylonia
1351 2054 1402 2089 ad
1420 2054 1691 2089 Mohammera
1721 2055 1757 2088 et
1786 2052 1951 2098 Bagdad

251 2106 398 2151 (Νοέῐ),
422 2106 555 2142 Persia
573 2104 741 2140 australi
763 2104 992 2150 (Hausskl).
1010 2103 1122 2150 Saepe
1148 2102 1299 2147 colitur,
1317 2102 1408 2137 inde
1427 2112 1517 2137 area
1541 2100 1803 2147 geographica
1820 2101 1952 2135 minus

250 2155 367 2189 certa.

293 2216 430 2253 Flores
447 2226 516 2252 sex
532 2215 668 2260 lineas,
691 2215 895 2261 legumina
911 2224 1001 2250 cum
1026 2215 1153 2248 rostro
1172 2212 1236 2248 4-5
1253 2211 1415 2259 pollices
1429 2211 1551 2256 longa
1576 2211 1600 2246 2
1619 2210 1747 2246 lineas
1765 2209 1858 2245 lata.

296 2282 363 2318 Ar.
384 2281 519 2327 Geoqr.
540 2280 663 2326 Regio
684 2279 983 2324 Mediterranea,
998 2277 1226 2324 Abyssinia.

311 2428 351 2470 9.
384 2427 441 2470 Τ.
473 2426 772 2482 Berythea
797 2426 961 2481 (Boiss.
986 2427 1030 2467 et
1051 2425 1115 2466 Bl.
1144 2425 1296 2477 Diagn.
1320 2422 1409 2466 Ser.
1439 2423 1493 2475 II,
1520 2424 1560 2474 2,
1585 2435 1626 2476 p.
1659 2422 1731 2477 10)
1767 2421 1958 2474 sparsim

252 2487 379 2538 hirta,
406 2486 604 2529 caulibus
628 2485 975 2536 ascendentibus,
1002 2483 1175 2537 stipulis
1203 2483 1340 2526 ovatis
1365 2481 1649 2533 acuminatis,
1686 2480 1845 2523 foliolis
1871 2481 1961 2534 gla-

254 2545 391 2588 bratis
415 2545 611 2588 obovatis
639 2545 831 2587 obsolete
860 2543 1150 2595 denticulatis,
1170 2542 1355 2585 floribus
1381 2541 1600 2592 solitariiS,
1629 2540 1785 2594 calycis
1808 2539 1960 2581 hirtuli

256 2604 416 2648 corolla
449 2604 606 2659 pallide
645 2603 948 2646 coerulescenti
987 2601 1165 2643 dimidio
1207 2601 1424 2644 brevioris
1465 2600 1670 2642 dentibus
1708 2598 1958 2641 lanceolatis

253 2664 360 2707 tubo
385 2666 509 2717 parte
537 2662 713 2704 dimidia
738 2662 1036 2712 brevioribus,
1068 2660 1285 2713 legumine
1311 2658 1720 2713 lineari-cylindrico
1744 2658 1817 2700 vix
1848 2669 1962 2699 com-

256 2734 411 2778 presso
451 2722 710 2764 subarcuato
748 2720 1001 2774 longissimo
1038 2720 1083 2761 in
1104 2723 1297 2762 rostrum
1319 2731 1368 2761 eo
1397 2719 1564 2772 2-3-plo
1591 2717 1770 2760 brevius
1798 2715 1962 2759 sensim

255 2783 478 2824 attenuato
504 2781 654 2823 nervis
682 2780 898 2834 parallelis
930 2778 1109 2821 elevatis
1137 2777 1437 2831 subcontiguis
1457 2789 1681 2831 percurso,
1718 2775 1961 2817 seminibus

256 2841 361 2884 8-12
389 2840 511 2882 oculo
534 2842 700 2882 armato
722 2839 988 2893 punctulatis
1019 2841 1083 2888 Ε).
1111 2837 1153 2880 T.
1181 2839 1356 2878 armata
1382 2836 1522 2878 Boiss.
1551 2835 1651 2877 Mss.
1679 2848 1764 2877 non
1789 2833 1959 2876 Tllunb.

259 2912 408 2996 MHrab.
425 2913 467 2949 in
482 2912 598 2950 cultis
617 2912 762 2948 Ciliciae
780 2911 964 2948 littoralis
981 2921 1102 2958 prope
1120 2909 1340 2956 Berythum
1358 2912 1396 2945 et
1417 2909 1605 2945 Sidonem
1627 2908 1709 2953 (ΒΗ
1729 2907 1835 2943 Gaill
1850 2907 1886 2951 !).
1904 2904 1962 2941 Fl.

302 2971 326 2997 a
365 2989 372 2996 .
