2045 3227
121 217 240 254 Rosa.
863 225 1064 251 ROSAGEAE.
1752 219 1826 256 685

119 298 248 343 Bogos
265 296 383 341 7000’,
414 295 682 341 DaghestaniA
707 305 828 342 prope
861 295 1044 330 Anzusch
1080 298 1120 331 et
1152 296 1281 341 Tindi‚
1310 296 1412 332 inter
1445 297 1626 344 Chindag
1658 301 1695 333 et
1730 299 1823 334 fluv.

121 347 241 381 Awar
260 344 404 379 Koissu
421 343 649 379 4800’-6000’
669 342 843 388 (Ruprl).

165 399 316 435 Foliola
334 399 390 434 eis
412 398 457 434 R.
476 397 691 443 rubrifolz'ae
708 397 891 444 pauciora
918 397 1067 441 maiora
1093 397 1245 443 obtusa,
1269 399 1382 434 flores
1410 399 1532 446 duplo
1559 402 1726 447 majores
1758 412 1825 438 eos

118 447 166 484 R.
193 446 358 484 Gallz'eae
384 456 487 491 saepe
510 447 718 491 aequantes,
747 443 901 479 laciniae
932 445 1077 489 calycis
1096 445 1255 490 longius
1274 446 1450 481 caudatae
1474 448 1542 482 sed
1570 448 1718 483 corolla
1738 449 1825 484 bre-

118 495 256 537 viores,
276 493 400 528 aculei
419 493 549 527 minus
567 492 730 537 incurvi,
749 491 884 527 ovat-ia
897 490 1116 537 longiscule
1143 493 1330 539 stipitata.
1354 494 1509 539 Species
1526 495 1826 540 elegantissima

118 544 155 576 et
172 541 351 586 insignis.

179 675 247 717 37.
281 673 341 716 R.
379 671 710 723 Didoensis,
742 671 904 725 glabra,
942 671 1100 725 pallide
1142 670 1306 722 virens,
1343 673 1504 715 aculeis
1530 674 1826 718 conformibus

118 733 272 776 validis
298 745 322 774 a
350 731 441 774 basi
470 732 644 773 dilatata
670 732 920 784 compressa
956 731 1101 779 rectiS,
1132 728 1307 784 stipulis
1348 744 1569 774 ramorum
1609 733 1826 776 ssoralium

118 792 318 842 dilatatis,
342 791 496 833 foliolis
520 791 592 832 5-7
620 789 821 843 ellipticis
841 790 978 831 acutis
1001 793 1153 841 argute
1174 790 1370 839 serratis,
1395 791 1577 833 floribus
1603 792 1828 845 solitariis,

116 850 374 906 pedunculis
416 850 608 903 tubeque
636 849 792 902 calycis
828 851 954 890 ovato
1002 847 1266 890 creberrime
1315 850 1827 904 aciculari-glandulosis‚

116 910 281 953 laciniis
300 909 429 951 dorso
452 907 721 962 glandulosis
746 907 935 961 pinnatis
962 907 1134 949 tandem
1161 906 1351 959 reflexis,
1381 910 1545 951 fructu.
1568 940 1575 947 .
1596 940 1608 950 .
1628 917 1687 956 A„

162 977 261 1012 Hah.
281 977 321 1011 in
341 975 608 1020 Daghestania
627 974 818 1020 superiori
850 973 901 1009 ad
930 973 1031 1009 Dido
1061 974 1101 1008 in
1133 984 1297 1009 ascensu
1329 974 1379 1009 ad
1410 975 1523 1011 Boris
1544 977 1698 1012 Meidan
1719 976 1830 1012 6000*

115 1023 328 1071 (Rupreeht
340 1025 383 1068 l).

172 1089 215 1144 β.
251 1088 480 1130 hiserrata.
516 1111 570 1117 ——
597 1086 760 1129 Foliola
786 1086 917 1139 paulo
945 1086 1111 1128 minora
1136 1086 1360 1128 obtusiora
1388 1086 1704 1130 snbbiserrata.

162 1162 265 1198 Hah.
286 1172 374 1197 eum
394 1164 499 1207 typo.

159 1219 292 1255 Facies
310 1219 356 1255 R.
376 1218 530 1254 eamme
546 1228 570 1252 a
584 1219 661 1263 quii
679 1217 809 1252 differt
828 1216 976 1252 aculeis
996 1217 1121 1255 rectis,
1140 1217 1303 1252 floribus
1317 1217 1518 1257 solitariis,
1539 1218 1772 1264 pedunculis
1787 1221 1825 1254 et

113 1268 209 1304 tubo
230 1266 404 1312 calycino
423 1265 542 1300 dense
565 1267 601 1300 et
618 1264 734 1310 longe
753 1264 965 1300 aciculatis.
996 1263 1142 1299 Ovaria
1171 1265 1357 1310 stipitata.
1389 1265 1545 1300 Corolla
1566 1265 1722 1301 videtur
1740 1266 1824 1313 pal-

112 1314 192 1350 lide
209 1324 348 1349 carnea
367 1316 410 1348 ea
429 1312 476 1349 R.
497 1312 651 1348 eam'nae
667 1312 745 1347 fere
766 1312 902 1357 niaj0r.

174 1450 241 1491 38.
277 1449 335 1491 R.
365 1444 670 1493 caninasL.
696 1444 766 1499 Sp.
799 1444 903 1499 7042)
928 1447 1052 1492 elata,
1080 1446 1213 1487 ramis
1244 1446 1457 1498 elongatis
1492 1447 1695 1497 arcuatis,
1722 1459 1823 1489 acu-

113 1508 194 1550 leis
215 1507 508 1551 conformibus
551 1504 703 1547 validis
740 1517 761 1546 a
799 1505 891 1547 basi
936 1505 1110 1547 dilatata
1146 1507 1396 1558 compressa
1432 1505 1822 1557 falcato-recurvis,

114 1567 287 1621 stipulis
313 1578 529 1608 ramorum
568 1563 782 1606 floralium
822 1564 1021 1618 ellipticis
1067 1564 1269 1614 dilatatis,
1312 1564 1466 1606 foliolis
1508 1565 1581 1605 5-7
1617 1565 1826 1618 ellipticis

113 1627 184 1668 vel
222 1626 360 1669 ovatis
401 1628 552 1678 argute
596 1623 778 1666 serratiS
818 1623 963 1665 rarius
1000 1623 1229 1665 biserratis
1276 1623 1480 1665 dentibus
1519 1624 1823 1676 superioribus

113 1685 460 1733 conniventibus,
503 1683 683 1725 floribus
721 1683 738 1724 1
782 1683 846 1724 vel
880 1683 959 1724 3·4
992 1683 1160 1724 carneis
1197 1680 1480 1736 corymbos1s,
1517 1684 1674 1736 calyeis
1718 1683 1821 1726 tubo

113 1744 262 1799 glabro
289 1744 455 1785 laciniis
479 1742 658 1784 deflexis
682 1741 973 1784 exterioribus
995 1741 1278 1795 pinnatifidis.
1305 1741 1450 1783 fructu
1479 1742 1671 1784 serotino
1699 1742 1817 1785 nudo

114 1802 481 1846 ovato—urceolato
518 1802 585 1843 vel
622 1801 869 1851 rotundato,
910 1801 1027 1843 disco
1070 1801 1302 1854 conspicuo
1330 1806 1364 1848 5.
1401 1801 1552 1842 Planta
1588 1801 1822 1843 admodum

111 1863 334 1904 variabilis
361 1862 414 1903 ab
436 1860 686 1903 auctoribus
713 1860 757 1902 in
786 1860 953 1913 species
976 1860 1230 1901 innumeras
1264 1860 1405 1901 divisa
1435 1872 1622 1913 quarum
1647 1861 1821 1902 charac-

112 1925 228 1964 teres
255 1934 340 1963 non
367 1923 433 1963 sat
460 1920 574 1961 firmi
603 1919 819 1962 videntur.
857 1918 1026 1961 Formae
1055 1923 1291 1972 sequentes
1320 1920 1362 1960 in
1391 1918 1552 1960 ditione
1582 1920 1815 1972 presertim

115 1980 443 2033 distinguendae.

173 2076 213 2099 α.
248 2054 446 2108 vzclyaris
474 2055 603 2097 Kocb.
624 2079 678 2084 —
697 2054 863 2105 Petioli,
891 2053 1045 2104 foliola,
1075 2053 1307 2106 pedunculi
1335 2053 1487 2106 glabri,
1517 2076 1573 2084 —
1599 2054 1648 2095 R.
1675 2053 1821 2095 Ande-

110 2113 315 2168 gyavensis
344 2114 458 2156 Bast.
489 2114 525 2154 si
552 2113 784 2167 pedunculi
813 2111 1301 2165 aciculato-glandulosi.
1336 2136 1387 2142 -
1423 2114 1474 2155 R.
1503 2115 1633 2154 acuta
1661 2111 1820 2166 Crepin

114 2175 159 2216 in
211 2174 285 2215 litt.
334 2173 489 2228 [forma
540 2172 799 2226 pedunculis
850 2172 1112 2226 peti¹>lisque
1161 2172 1659 2224 aciculato-glandnlosis
1703 2172 1820 2213 bisce

114 2233 356 2288 puberulis.

162 2307 262 2341 Hab.
289 2306 328 2341 in
354 2305 555 2340 montibus
576 2306 721 2341 Parnes
755 2308 792 2340 et.
825 2305 1020 2340 Parnasso
1051 2304 1214 2340 Graeciae
1246 2304 1407 2348 (Heldrl
1434 2303 1590 2350 Orphl),
1624 2304 1747 2339 Cretze
1783 2305 1824 2340 in

114 2354 313 2389 montibus
329 2354 403 2388 Las
411 2353 474 2387 siti
491 2352 672 2398 (Heldr!),
687 2353 807 2399 Cypri
822 2352 912 2397 (ΚΥ.
926 2363 1005 2387 exs.
1018 2353 1128 2397 7271),
1140 2352 1271 2387 Tauro
1287 2352 1443 2386 tjilieico
1458 2351 1577 2396 (Kyl),
1592 2351 1822 2387 Antilibano

115 2401 166 2436 ad
197 2401 368 2436 Zehdani
394 2400 519 2445 (Kyl),
550 2400 725 2435 Caucaso
758 2403 796 2435 et
826 2401 1134 2435 Transcaucasia.
1167 2398 1334 2443 (Buhsel
1367 2399 1462 2433 MR.
1502 2399 1602 2433 Hoh.
1641 2410 1719 2434 exs.
1749 2399 1825 2434 sub

115 2448 152 2484 R
184 2445 403 2484 Caueasz'eoi
420 2450 457 2482 et
474 2445 713 2493 deificantia),
731 2450 861 2483 monte
886 2447 1041 2482 Sawers
1059 2447 1203 2482 Persiae
1225 2446 1410 2481 australis
1428 2446 1533 2481 8000*
1558 2446 1737 2490 (Haussk
1750 2448 1786 2491 l).

172 2513 217 2567 β.
255 2513 463 2554 coriacea.
519 2537 570 2543 —-
618 2512 779 2555 Foliola
825 2513 986 2566 maJom
1029 2512 1219 2554 coriacea
1262 2512 1523 2565 glaberrima
1565 2512 1821 2554 acuminata.

116 2570 359 2626 Corymbus
384 2571 624 2614 terminalis
654 2571 931 2614 inultissorus.
961 2596 1016 2600 —
1042 2572 1091 2614 R.
1120 2571 1317 2612 coriaeca
1345 2569 1505 2624 Crepin
1529 2571 1574 2612 in
1598 2571 1674 2613 litt.

161 2646 262 2682 Hah.
282 2646 323 2681 in
342 2648 474 2681 monte
492 2645 636 2681 Elbrus
656 2644 797 2681 Persiae
819 2645 899 2680 bor.
925 2643 1014 2688 (Ky.
1044 2655 1123 2680 exs.
1148 2645 1265 2690 2631),
1294 2645 1332 2679 in
1362 2644 1522 2690 regione
1553 2644 1688 2690 alpina
1723 2644 1824 2679 inter

115 2693 315 2740 NIchapur
333 2695 371 2729 et
389 2693 570 2728 Mesched
589 2703 697 2739 prov.
716 2692 946 2728 Khorassan
970 2692 1114 2738 (Bgel).

174 2778 213 2815 y.
249 2757 424 2799 collina.
455 2782 508 2787 —
538 2758 689 2799 Petioli
731 2757 870 2810 pilosi,
907 2756 1143 2810 pedunculi
1179 2756 1370 2799 inermes
1411 2757 1479 2798 vel
1521 2757 1734 2807 aemulati,
1762 2757 1824 2799 fo-

115 2817 216 2860 liola
266 2818 366 2871 plus
410 2819 611 2859 minusve
651 2816 809 2858 subtus
846 2820 889 2858 et
928 2816 1148 2858 interdum
1195 2827 1387 2869 superne
1438 2815 1716 2869 pubescentia
1753 2817 1824 2858 vel

115 2876 297 2924 hirsuta,
324 2877 461 2930 petala
492 2875 716 2929 pallidiora
740 2876 829 2917 sere
855 2875 963 2916 alba.
991 2900 1046 2905 -—
1074 2875 1122 2917 R.
1149 2874 1309 2916 collina
1334 2874 1451 2929 Jacq.
1480 2875 1630 2916 Aust-r.
1661 2878 1689 2916 t.
1722 2876 1818 2917 194.

117 2958 174 2965 --
201 2936 249 2977 R.
279 2935 555 2977 detractorum
585 2935 743 2977 Tliuill.
785 2959 838 2964 —
877 2935 926 2976 R.
964 2934 1152 2976 Taurica
1189 2937 1232 2976 et-
1268 2934 1317 2975 R.
1353 2932 1587 2975 Caucasiea
1632 2933 1735 2975 ΜΒ.
1766 2957 1818 2966 -

116 2995 166 3036 R.
193 2993 397 3036 sumtilis
421 2993 535 3036 Stcv.
566 3019 619 3024 —-
647 2994 696 3036 R.
725 2992 1195 3044 ztrtcinelca‚.mfticlala‚
1219 2992 1460 3035 Jaeuzclzille‘e·
1483 2992 1643 3035 Bes-ser
1666 2993 1820 3035 Elium.
