2045 3227
113 234 352 283 Astraqalus
369 232 538 279 (LXXV.
556 231 784 276 Proselius).
881 237 1159 265 LEGUMINOSAE.
1745 226 1815 261 471

114 320 195 361 bus
233 317 277 358 in
318 326 510 357 racemos
550 316 700 355 ovatos
744 311 990 354 fructiferos
1030 310 1186 352 breves
1230 309 1496 355 laxiusculos
1538 308 1816 359 abeuntibus,

116 375 298 419 bracteis
322 371 848 424 triangulari—lanceolatis
876 369 1084 424 pedicello
1116 368 1399 422 longioribus,
1423 368 1580 421 calycis
1606 368 1817 421 adpresse

115 436 210 484 albo
237 436 279 475 et
306 431 552 486 nigro-hirti
581 431 783 473 dentibus
826 430 930 471 tubo
968 429 1133 481 4-5-plo
1170 428 1458 481 longioribus,
1498 427 1644 469 vexilli
1674 428 1818 479 calyce

115 495 211 549 plus
249 492 380 545 duplo
403 489 608 543 longioris
634 490 790 531 lamina
810 488 852 529 in
878 487 1157 542 appendicem
1183 487 1475 529 sublinearem
1498 490 1690 529 retusam
1720 498 1818 528 con-

114 554 261 600 tracta‚
280 550 571 603 leguminibus
598 548 801 602 pendulis
828 546 1222 600 nigro-strigulosis
1246 546 1466 599 regulosis
1483 545 1679 599 oblongis
1716 544 1819 587 sub-

115 609 373 664 compressis
391 608 492 650 -basi
525 609 566 649 et
593 608 711 662 apice
739 606 1057 649 subattcnuatis
1084 606 1213 647 dorso
1240 605 1485 647 rotundatis
1525 608 1678 647 ventre
1712 605 1814 655 cari,

115 672 214 713 nato
235 669 278 710 in
295 679 542 710 mucronem
563 666 784 721 obliquum
806 664 982 707 abeunti
1007 668 1062 709 26.
1092 664 1140 706 A.
1157 663 1376 716 pendulus
1397 664 1494 716 Bge.
1513 663 1632 705 Astyr.
1653 676 1692 717 p.
1713 664 1763 705 21
1783 665 1819 704 l-

114 740 198 771 non
219 740 298 770 oc.

160 801 257 837 Hah.
277 802 317 835 in
336 799 523 835 Armenia
544 799 705 834 Rossica
720 799 768 833 ad
785 798 913 834 lacum
933 797 1125 833 Goktcha'i
1150 796 1302 843 (laeum
1320 796 1509 834 molestam
1511 797 1539 843 ),
1559 796 1679 841 (Seidl
1693 798 1732 842 l).

159 865 322 901 Florifer
339 863 386 900 A.
406 863 675 913 brachycarpo
693 863 933 905 simillimus,
952 861 1125 897 fructifer
1152 861 1397 904 dignoscitur
1423 860 1693 907 leguminibus
1722 871 1818 907 pen-

111 913 213 948 dulis
230 912 538 957 subcompressis
561 911 720 956 oblique
739 910 954 956 cuspidatis
978 909 1041 947 6-7
1064 908 1130 943 lin.
1150 908 1279 953 longis
1304 909 1327 943 2
1345 908 1446 943 latis.
1472 909 1528 943 Cl.
1548 908 1686 953 Bunge
1712 908 1818 943 hunc

114 960 244 996 retulit
261 960 310 994 ad
334 960 382 995 A.
404 957 620 1006 pendulum,
638 968 710 993 DC.
731 958 830 992 Astr.
850 963 890 991 n⁰
909 956 977 991 129
995 956 1210 991 floriferum
1233 957 1385 990 tautum
1409 959 1547 991 notum
1575 955 1643 990 sed
1663 955 1731 1001 qui
1749 966 1816 990 ve-

114 1007 208 1042 xillo
233 1006 403 1052 oblongo
434 1006 543 1052 apice
575 1015 654 1039 non
682 1005 884 1039 attenuato
917 1003 1069 1038 alienus
1092 1004 1150 1038 est
1177 1003 1215 1038 et
1242 1002 1291 1038 ad
1321 1002 1370 1037 Α.
1398 1002 1625 1049 elonssatum
1654 1002 1822 1038 referen-

115 1054 197 1090 dus.

173 1204 269 1246 685.
305 1200 365 1245 A.
392 1200 754 1243 nucleiferus
783 1200 942 1255 (Boiss.
980 1200 1131 1253 Diagn.
1162 1198 1253 1241 Ser.
1284 1199 1323 1249 I,
1354 1200 1401 1250 2,
1429 1211 1467 1252 p.
1497 1197 1573 1253 83)
1607 1197 1819 1251 adpresse

114 1272 357 1314 canescens,
373 1259 545 1312 stipulis
564 1259 1075 1314 lanceolam-acuminatis
1095 1258 1288 1307 serleeis,
1306 1258 1463 1309 foliolis
1483 1253 1696 1311 6-8-j'ugis
1716 1269 1817 1298 ova-

113 1322 168 1364 tis
197 1321 262 1362 vel
294 1318 633 1372 ovato-oblongis
666 1319 990 1361 obtusiusculis.
1016 1318 1156 1372 scapis
1185 1317 1283 1359 folia
1307 1317 1609 1371 aequantibus,
1644 1327 1815 1357 racemo

115 1380 285 1422 demum
314 1378 442 1420 valde
473 1378 666 1431 elongato
692 1378 800 1427 laxo,
822 1377 1008 1420 bracteis
1023 1376 1218 1426 oblongis
1244 1376 1500 1430 pedicellum
1524 1375 1816 1429 aequantibuS,

114 1438 266 1492 calycis
303 1437 510 1491 adpresse
545 1437 640 1479 albo
668 1440 711 1479 et
737 1437 980 1490 praesertim
1018 1436 1263 1490 nigro-hirti
1301 1436 1504 1477 dentibus
1538 1434 1818 1486 triangulari-

115 1497 328 1540 subulatis
353 1496 456 1538 tubo
486 1496 656 1550 5-6-plo
690 1495 981 1548 brevioribus,
1019 1495 1166 1538 vexilli
1201 1495 1342 1548 calyce
1368 1495 1467 1548 plus
1494 1493 1626 1547 duplo
1654 1493 1819 1546 longio-

114 1556 174 1599 ris
196 1555 353 1597 lamina
378 1554 560 1607 oblonga
586 1555 705 1609 apice
730 1554 854 1596 valde
887 1554 1039 1597 lineari
1067 1556 1303 1604 attenuata,
1341 1554 1419 1595 alis
1441 1553 1634 1606 gibbosis
1651 1586 1660 1599 ,
1700 1553 1820 1605 legu-

115 1615 302 1657 minibus
326 1613 526 1668 pendulis
565 1615 773 1668 adpresse
811 1614 993 1656 hirsutis
1020 1613 1240 1666 rugulosis
1273 1613 1396 1655 duris
1440 1612 1578 1654 ovatis
1620 1610 1820 1653 subcom-

115 1674 278 1728 pressis
323 1673 417 1715 basi
453 1675 496 1714 et
533 1673 653 1727 apice
694 1673 863 1717 obtusis
907 1673 1102 1715 breviter
1149 1672 1414 1714 mucronatis
1452 1673 1638 1725 utroque
1683 1671 1820 1713 latere

118 1732 317 1775 carinatis
354 1739 412 1780 26.

162 1813 259 1849 Hah.
285 1814 328 1848 in
360 1813 613 1860 Cappadoci&
634 1813 683 1849 ad
715 1812 958 1859 Euphratem
988 1813 1129 1857 (Auch.
1162 1812 1301 1853 1330&
1332 1813 1371 1847 in
1403 1812 1546 1846 vinetis
1580 1811 1681 1845 circa
1723 1809 1818 1844 Orsa

115 1860 405 1908 Mesopotamiae
431 1859 660 1906 (Hausskll,
696 1861 735 1896 in
771 1861 898 1896 vineis
916 1870 1038 1907 prope
1065 1860 1215 1906 Karput
1238 1860 1338 1904 (Noe
1356 1860 1426 1894 060
1444 1859 1641 1905 specimen
1663 1859 1817 1893 tantum

116 1908 223 1943 ssorif.
243 1911 280 1944 et
297 1908 383 1944 ideo
402 1908 673 1952 subdubium).

160 1971 267 2018 Saepe
286 1972 447 2017 pedalis,
466 1971 601 2008 foliola
624 1971 831 2009 5-9‘lineas
851 1972 983 2017 longa,
1003 1971 1117 2007 ssores
1139 1970 1204 2006 7-8
1228 1971 1350 2007 lineas
1372 1973 1528 2006 tantum
1554 1969 1678 2015 longi.
1707 1969 1819 2015 legu-

116 2018 220 2054 mina
241 2020 303 2054 o-7
324 2019 447 2054 lineas
465 2019 586 2065 longa
603 2019 624 2053 4
647 2019 739 2055 lata.

173 2167 270 2208 686.
304 2167 365 2209 A.
390 2167 791 2211 Elmaluensis
819 2168 941 2223 (Bge.
968 2169 1088 2220 Astr.
1126 2181 1165 2222 p.
1201 2168 1309 2224 211]
1333 2169 1543 2222 adpresse
1570 2179 1819 2220 canescens,

115 2225 286 2278 stipulis
313 2226 560 2269 lanceolatis
585 2227 839 2269 acuminatis
868 2229 1070 2279 sericeis,
1095 2226 1253 2270 foli0lis
1285 2228 1492 2282 3-(3-jugis
1523 2227 1823 2270 ovato-oblon—

114 2284 176 2336 gis
202 2284 369 2327 obtusis
389 2286 458 2327 vel
490 2286 786 2340 acutiusculis,
820 2287 959 2340 scapis
984 2288 1082 2330 folia
1107 2288 1406 2340 aeqtlantihuS.
1446 2298 1615 2329 racemo
1643 2286 1819 2328 demum

116 2342 364 2397 longissimo
405 2344 514 2396 laxo,
556 2345 741 2387 bracteis
781 2345 1256 2399 triangulari-oblongis
1301 2346 1502 2397 minimis,
1549 2345 1707 2399 calycis
1741 2346 1818 2386 ad-

115 2414 265 2455 presse
288 2403 384 2445 albo
411 2403 679 2458 breviusque
711 2405 959 2458 nigro-hirti
987 2405 1189 2447 dentibus
1217 2406 1321 2447 tubo
1350 2405 1580 2459 quintuplo
1606 2404 1819 2446 breviori-

116 2460 211 2512 bus,
239 2461 383 2504 vexilli
408 2463 550 2516 calyce
573 2463 646 2504 vix
668 2464 800 2518 duplo
825 2464 1031 2518 longioris
1061 2465 1217 2507 lamina
1254 2465 1585 2517 ovato-oblonga
1626 2464 1746 2517 apice
1772 2463 1817 2511 in

117 2520 394 2573 appendicem
417 2521 595 2564 brevem
617 2525 786 2564 ovatam
814 2523 1116 2567 subcoarctata
1133 2558 1141 2577 ,
1160 2524 1243 2567 «alis
1266 2523 1458 2577 gibbosis
1482 2523 1733 2574 bidentatis,
1758 2523 1819 2564 le-

116 2579 287 2631 gumine
305 2579 495 2633 pendulo
510 2581 721 2634 adpresse
738 2582 899 2625 hirtulo
924 2583 1130 2636 ruguloso
1148 2583 1257 2625 duro
1271 2582 1452 2625 obovato
1476 2582 1568 2624 basi
1594 2584 1819 2624 attenuato

117 2637 286 2690 turgido
311 2639 467 2681 obtuso
493 2639 677 2693 abrupte
701 2644 744 2682 et
766 2641 960 2683 breviter
980 2645 1231 2684 mucronato
1259 2641 1389 2683 dorso
1409 2641 1639 2683 rotundato
1664 2642 1819 2682 ventre

117 2697 304 2739 carinato
328 2701 383 2743 36.
418 2698 468 2740 A.
497 2698 773 2751 nucleiferns
791 2713 883 2742 var.
912 2700 1051 2743 Boiss.
1078 2700 1123 2742 in
1151 2701 1308 2754 Bourg.
1338 2712 1429 2742 exs.

162 2768 258 2804 Hab.
277 2770 316 2805 in
335 2771 501 2807 collibus
520 2771 696 2808 herbidis
715 2783 835 2820 prope
854 2773 1011 2808 Elmalu
1030 2773 1160 2820 Lyciae
1181 2773 1340 2820 (Bourg.
1360 2773 1407 2808 75
1420 2774 1459 2818 t).

161 2833 273 2881 scapi
291 2836 474 2872 fructiferi
492 2848 580 2873 cum
599 2833 753 2886 racemo
768 2839 831 2874 1-2
843 2839 1013 2885 pedales,
1029 2839 1164 2876 foliola
1180 2839 1269 2875 6-10
1285 2839 1353 2874 lin.
1372 2838 1503 2884 longa,
1523 2838 1636 2874 flores
1654 2837 1678 2873 8
1691 2838 1818 2873 lineas

118 2879 250 2936 longi,
269 2883 395 2919 affinis
414 2884 461 2919 A.
481 2885 692 2922 nuclcz'fero
710 2885 839 2921 differt
855 2886 1054 2931 legumine
1070 2887 1155 2922 basi
1176 2888 1376 2922 attenuato
1394 2896 1474 2921 non
1486 2895 1710 2932 compresso
1728 2895 1818 2921 cum

117 2936 297 2965 mucrone
314 2930 377 2966 6-7
395 2931 462 2966 lin.
481 2931 600 2978 longo
618 2932 642 2967 2
657 2933 699 2977 Ἀ
719 2932 838 2968 diam.
857 2933 949 2969 lato.
