1984 3221
126 232 197 268 760
805 231 1131 260 CUCURBrrACEAE
1591 219 1823 256 Ecballz'um.

127 314 372 356 contractus
416 309 626 352 foramine
671 307 852 350 basilari
887 305 1052 348 semina
1087 308 1130 347 et
1164 316 1340 346 succum
1391 304 1617 355 emittens,
1661 303 1824 345 semina

126 371 315 423 oblonga.
339 394 392 399 —-
416 369 557 411 Herba
584 369 803 422 prostrata
830 365 986 408 cirrbis
1014 363 1160 416 nulliS,
1187 362 1370 405 floribus
1394 362 1533 405 flavis.

191 512 225 552 1.
261 511 316 553 E.
343 508 666 552 Elaterium
696 506 762 562 (L.
793 505 867 559 Sp.
909 506 1021 546 1434
1056 503 1137 546 sub
1171 501 1459 557 Momordicd]
1496 515 1642 546 crasse
1675 515 1821 546 carno-

130 570 274 612 sulum
294 566 799 613 tuberculato-scabrum,
818 564 932 606 foliis
946 564 1071 616 longe
1088 562 1302 616 petiolatis
1316 562 1473 604 subtus
1488 563 1606 605 canis
1630 563 1821 606 cordato-

129 628 266 671 ovatis
300 628 367 668 vel
401 626 742 678 triangularibus
776 622 1077 675 irregulariter
1103 621 1289 663 dentatis
1325 621 1394 662 vel
1425 620 1609 671 trilobis,
1640 621 1819 664 floribus

131 686 395 735 axillaribus,
430 686 721 726 masculorum
747 682 929 724 racemis
948 679 1263 734 pedunculatis,
1289 679 1498 721 faemineis
1529 679 1819 722 subsoHtariis

130 757 244 798 saepe
267 757 320 786 ex
339 744 487 785 eadem
515 743 641 785 axilla
670 754 766 784 cum
788 740 993 782 masculis
1022 738 1233 791 oriundis,
1259 739 1402 780 fructu
1428 741 1610 780 nutante
1643 737 1820 780 ovoideo

128 806 288 857 praeter
313 803 487 844 echinos
514 802 794 855 pubescente,
827 797 1066 841 seminibus
1091 797 1286 850 oblongis
1314 797 1497 839 laevibus
1526 800 1562 842 26
1599 796 1647 838 E.
1677 795 1821 838 Elate-

130 861 249 903 re'um
271 861 495 920 RicInloc.
521 861 588 902 cit.
613 884 669 889 —
696 860 753 901 lc.
779 858 912 900 Rchb.
936 856 990 898 Ic.
1015 855 1159 898 Germ.
1189 858 1299 898 1619
1328 881 1355 885 -
1403 855 1497 897 Bot.
1526 855 1630 909 Mag.
1659 855 1782 896 1914.

178 936 278 970 Hab.
298 936 337 970 in
356 935 544 970 ruderatis
563 933 723 969 Graeciae
755 934 792 968 et
821 929 1071 976 Archipelagi
1101 929 1240 974 (Sibth.
1274 930 1372 974 etc),
1400 928 1639 964 Macedoniae
1669 927 1826 973 (Frivl),

130 983 325 1017 Anatolize
355 982 560 1017 maritima]
591 981 706 1016 occid.
738 983 775 1015 et
802 981 918 1014 austr.
952 977 1135 1022 (Teum),
1160 976 1284 1022 Syriae
1321 976 1527 1012 maritimae
1560 975 1609 1011 ad
1640 974 1824 1010 Sidonem

130 1029 254 1073 (Gaul
266 1031 302 1074 1),
320 1029 465 1064 Tauria
484 1031 519 1063 et
536 1038 643 1074 prov.
665 1026 886 1062 Caucasicis
903 1024 1088 1070 (Ledeb.).

190 1095 233 1149 β.
261 1093 625 1147 ραίηῑαίῖρανίίία.
657 1117 710 1122 -
736 1092 855 1134 Folia
881 1091 925 1132 in
954 1090 1126 1131 lacinias
1154 1089 1373 1142 elongatas
1401 1088 1605 1141 oblongas
1641 1087 1828 1141 pinnati-

133 1154 239 1195 fidas
263 1153 607 1207 palmatipartita.
630 1152 773 1193 Lusus
800 1162 966 1192 merus.

180 1226 279 1260 Hab.
299 1236 417 1272 prope
436 1226 609 1260 Athenas
630 1224 753 1270 [Orph
765 1225 800 1268 1).

179 1293 236 1326 Ar.
265 1291 394 1336 Geoqr.
421 1291 540 1336 Regio
559 1290 843 1325 mediterranea
864 1289 1032 1335 Europae
1050 1290 1087 1324 et
1105 1288 1245 1323 Africae
1264 1286 1445 1323 borealis.

672 1425 885 1473 ninom
913 1425 972 1487 (L.
1002 1426 1100 1472 cen.
1129 1424 1276 1485 1093).

188 1535 337 1576 Flores
370 1534 493 1575 dioici
521 1534 587 1575 vel
618 1532 799 1574 monoici
838 1532 1045 1574 racemosi
1080 1532 1147 1573 vel
1182 1531 1432 1583 fasciculati,
1460 1530 1643 1573 faeminei
1682 1529 1827 1572 rarius

132 1593 324 1636 solitarii.
358 1593 489 1645 Calyx
520 1592 844 1644 campanulatus
873 1590 1060 1633 5-lobus.
1097 1589 1263 1633 Corolla
1287 1591 1585 1643 campanulata
1609 1589 1827 1642 5-partita.

132 1652 261 1694 Masc.
297 1652 485 1694 Stamina
524 1651 715 1705 quinque
747 1649 986 1703 triadelpba
1020 1650 1170 1691 loculis
1201 1649 1438 1692 linearibus
1467 1648 1688 1691 flexuosis.
1714 1647 1827 1689 Fem.

132 1710 280 1765 Stylus
304 1711 490 1761 trifidus,
518 1710 644 1752 ovula
678 1720 909 1751 numerosa
937 1709 1228 1750 liorizontalia.
1253 1709 1439 1750 Fructus
1462 1708 1664 1750 baccatus
1692 1706 1830 1760 spliae-

131 1770 246 1813 ricus
272 1770 544 1811 indeliiscens
569 1793 625 1798 —
652 1768 807 1809 Herbae
830 1779 1046 1821 perennes
1070 1768 1340 1819 scandentes,
1368 1767 1510 1809 radice
1533 1767 1679 1808 crassa
1706 1764 1830 1807 tube-

133 1831 247 1882 rosa,
271 1829 427 1870 clrrliis
455 1827 614 1881 stepius
637 1826 918 1880 simplicibus.

194 1972 227 2011 1.
262 1968 319 2010 Β.
351 1966 542 2011 dioica
564 1968 701 2021 (Jacq.
726 1965 875 2008 Austr.
905 1966 959 2017 Il,
982 1978 1021 2019 p.
1052 1965 1120 2016 59,
1157 1963 1241 2005 tab.
1283 1964 1385 2018 199)
1411 1963 1559 2016 dioica,
1595 1963 1710 2005 foliis
1738 1975 1832 2005 cor-

133 2027 241 2070 datis
286 2027 590 2081 quinquelobis
651 2026 837 2068 dentatis
889 2025 1237 2076 calloso-asperis
1283 2023 1597 2074 concoloribus,
1647 2022 1830 2065 floribus

131 2087 339 2128 faeniineis
396 2086 662 2139 corymbosis
715 2085 905 2126 breviter
962 2082 1263 2137 pedunculatis
1318 2082 1462 2124 rarius
1519 2081 1830 2134 subsolitariis,

131 2146 346 2199 calycibus
370 2145 577 2187 faemineis
599 2144 757 2187 corolla
782 2142 1073 2193 brevioribus,
1097 2141 1208 2193 stylo
1230 2153 1315 2183 non
1338 2143 1526 2193 exserto,
1551 2140 1828 2193 stigmatibus

133 2206 315 2259 asperis,
343 2205 480 2246 baccis
507 2204 654 2246 rubris
689 2207 746 2248 ᾙ.
785 2203 834 2244 Β.
865 2213 1023 2254 aspera
1053 2200 1168 2243 Stev.
1206 2199 1293 2241 Cat.
1328 2198 1504 2242 Gorenk
1534 2200 1657 2251 1812,
1686 2212 1726 2253 p.
1753 2200 1830 2241 302.

181 2280 279 2314 Hab.
306 2279 355 2314 ad
373 2289 483 2324 sepes
504 2280 540 2313 et
559 2279 599 2312 in
618 2277 785 2312 dumetis
812 2275 1071 2322 Peloponnesi
1098 2274 1248 2320 (Boissl
1279 2273 1434 2320 Orphl),
1459 2273 1682 2308 insularum
1708 2273 1831 2308 Poros

134 2328 172 2361 et
191 2327 288 2371 Syra
312 2326 447 2372 (Orph.
481 2325 538 2359 Fl.
571 2325 636 2360 Gr.
668 2335 748 2360 exs.
774 2324 895 2368 5121),
925 2322 1149 2368 Astypaleae
1180 2321 1317 2366 (Urv.)‚
1359 2321 1557 2356 Armeniae
1583 2320 1633 2355 ad
1660 2320 1829 2355 Baibout

134 2373 327 2418 (Bourgl),
348 2372 510 2407 Caucasi
529 2375 623 2418 sept.
642 2371 700 2416 (C.
720 2371 836 2415 AM.)
867 2373 902 2405 et
935 2381 1042 2416 prov.
1069 2369 1488 2405 'rmnscaucasicarmn
1522 2367 1732 2413 (Hohen!),
1749 2367 1830 2402 Aff-

137 2420 291 2464 3110010,-
310 2420 474 2464 (Grriss'l).

192 2486 238 2539 β.
274 2483 537 2526 subsessilis.
563 2507 620 2515 —-
656 2483 772 2525 Folia
806 2482 972 2525 minora
1009 2480 1202 2523 breviter
1245 2481 1447 2533 petiolata
1476 2481 1600 2522 acute
1639 2479 1834 2533 palmati-

132 2545 303 2598 partita,
342 2545 473 2585 ssores
504 2543 687 2584 faemiuei
715 2542 904 2583 minores
928 2540 1205 2583 subsessiles.
1236 2539 1391 2581 Forma
1419 2539 1564 2581 fructu
1598 2539 1830 2580 immaturo

133 2606 298 2645 tantun]
325 2606 423 2644 nota
450 2609 490 2644 et
513 2603 698 2644 ulterius
724 2600 1011 2643 observanda.

181 2676 281 2710 Hah.
301 2676 341 2710 in
360 2675 540 2720 virgultis
560 2675 702 2710 Persia?
723 2674 906 2709 australis
924 2684 1043 2720 prope
1062 2672 1160 2708 Gere
1179 2675 1216 2707 et
1235 2670 1402 2707 Dalachi
1424 2670 1516 2716 (Ky.
1535 2680 1613 2705 exs.
1631 2670 1723 2713 761).

177 2740 238 2774 Ar.
263 2739 395 2784 Geoqr.
424 2739 579 2785 Europa
598 2739 727 2773 media
755 2740 793 2773 et
817 2737 999 2773 australis
1026 2737 1076 2771 ab
1103 2736 1248 2782 Anglia
1267 2737 1304 2771 et
1323 2735 1451 2770 Dama
1481 2734 1532 2769 ad
1563 2732 1769 2769 Galliciam
1797 2734 1834 2767 et

134 2785 385 2830 Dalmatiam,
404 2786 531 2821 Africa
547 2785 726 2820 borealis.

195 2919 232 2959 Ξ.
267 2918 323 2959 Β.
353 2919 582 2964 Cretica
606 2918 671 2973 (L.
701 2918 772 2972 Sp.
807 2918 936 2973 1499)
967 2917 1115 2968 dioica,
1149 2916 1259 2959 soliis
1296 2915 1483 2958 cordatis
1521 2914 1830 2969 quinquelobis

132 2977 200 3018 vel
221 2978 391 3030 partitis
421 2977 543 3019 valde
569 2979 736 3031 asperis
765 2977 1158 3020 albo-marmoratis
1183 2975 1382 3028 firmuliS,
1410 2974 1592 3017 floribus
1618 2972 1828 3015 faemineis
