2015 3227
168 196 376 244 Turyenia.
851 207 1154 234 UMBELLIFERAE.
1750 203 1845 239 1087

224 314 258 354 1.
291 312 346 354 T.
371 310 622 354 latifolia
655 310 721 365 (L.
755 310 826 365 Sp.
863 313 944 353 545
979 313 1059 355 sub
1098 313 1321 369 Tordylio)
1365 316 1462 368 plus
1498 317 1640 358 miuus
1668 318 1778 359 hirta
1803 322 1845 360 et

158 370 582 422 aculeolato-aspera‚
609 370 728 411 caule
753 371 915 413 sulcato
941 383 1065 424 parce
1088 375 1130 412 et
1151 372 1386 414 dicliotome
1409 387 1592 425 ramoso,
1623 376 1730 416 soliis
1754 389 1842 418 am-

159 428 253 471 bitu
277 429 413 471 ovatis
441 427 736 481 pinnatisectis
775 429 1006 481 segmentis
1040 429 1487 482 oblongo-lanceolalis
1517 433 1752 475 laliusculis
1783 436 1846 476 in-

156 487 463 535 ciso-serratis,
506 486 705 528 umbellis
750 488 892 539 patule
933 488 1216 533 3-4-1·adiatis·.
1266 490 1474 531 involucri
1513 495 1554 531 et
1596 491 1838 534 involucelli

162 546 320 598 phyllis
346 545 539 597 oblongis
566 545 733 586 obtusis
758 546 973 595 scariosis,
1000 546 1138 588 fructu
1167 551 1289 589 ovato
1316 548 1433 600 apice
1460 552 1677 590 attenuato
1711 550 1846 591 ‹lenti-

164 605 245 645 bus
269 603 470 656 calycinis
494 602 738 645 lanceolatis
762 604 956 645 ciliolatis
975 607 1191 656 superato.
1214 606 1371 646 aculeis
1390 607 1590 659 jugorum
1614 607 1845 650 dorsalium

164 662 380 704 ‘2-3-sariis
406 675 428 703 a
455 661 547 703 basi
569 661 710 703 latiori
737 662 950 704 subulatis
988 663 1149 703 scabris
1187 663 1452 713 glocliidiaiis
1490 669 1534 714 Θ
1580 666 1619 706 Τ.
1656 665 1849 718 lalisolia

164 720 318 762 Hoffm.
347 720 467 762 Umb.
497 720 564 761 59.
593 744 644 749 -
668 719 792 761 Cauc.
813 719 1005 771 latifolia
1030 720 1073 761 L.
1104 720 1216 772 Syst.
1246 747 1298 751 —
1327 722 1473 763 Variat
1494 724 1673 764 multum
1698 737 1850 776 super-

165 779 258 820 ficie
293 779 458 821 fructus
493 778 743 821 laeviuscula
778 779 846 820 vel
879 779 1158 829 tuberculata‚
1198 779 1415 822 valleculis
1446 781 1682 823 latiusculis
1710 783 1771 822 vel
1797 782 1849 823 ob

157 837 261 890 juga
288 837 525 880 incrassata
550 837 872 879 sulciformibus
915 841 958 879 et
991 849 1043 878 ex
1077 837 1322 880 aculeorum
1363 840 1494 880 forma
1530 841 1757 881 varietates
1785 853 1850 881 se-

165 899 350 949 quentes
379 896 718 949 distinguuntur.

227 989 265 1012 α.
299 968 494 1022 genuina
521 968 672 1023 (Gren.
702 972 745 1011 et
769 967 899 1011 Godr.
924 969 983 1010 Fl.
1009 969 1110 1024 Fr).
1137 993 1194 999 —
1216 969 1364 1011 Aculei
1387 971 1587 1023 jugorum
1617 972 1850 1014 dorsalium

163 1028 361 1081 elongati.
387 1027 498 1081 Juga
522 1028 770 1080 marginalia
803 1028 961 1069 aculeis
998 1028 1134 1071 acutis
1162 1029 1265 1070 facie
1306 1029 1619 1070 commissurali
1645 1030 1853 1072 breviori-

169 1086 250 1129 bus
274 1086 423 1128 obsita.
450 1111 504 1115 —
532 1085 585 1127 Ic.
612 1086 744 1127 Rchb.
769 1085 913 1128 Germ.
935 1086 1020 1128 tab.
1049 1085 1173 1128 2009.

214 1159 313 1194 Hah.
333 1159 433 1195 inter
449 1162 601 1205 segetes
628 1159 748 1194 totius
766 1159 924 1194 ditionis
941 1170 963 1193 a
983 1159 1132 1195 Graecia
1150 1163 1186 1195 et
1206 1159 1431 1194 Macedoni-:1
1449 1159 1496 1194 ad
1516 1170 1621 1205 prov.
1639 1160 1855 1195 'rx-anscau-

163 1207 311 1242 casicas
331 1208 368 1241 et
384 1206 558 1241 Persiam
576 1205 775 1241 borealem
794 1206 891 1251 (Bge
905 1207 940 1249 l),
959 1206 1196 1242 Palestinam
1215 1206 1344 1250 (Boiss
1356 1208 1391 1249 ἔ).

225 1271 269 1325 β.
303 1269 557 1323 multvflora.
587 1295 639 1300 —
666 1270 815 1312 Aculei
830 1271 1034 1324 jugorum
1053 1270 1287 1313 dorsalium
1307 1270 1502 1322 elongati,
1521 1270 1719 1323 jugorum
1746 1284 1855 1312 mar-

169 1329 374 1384 ginalium
400 1329 503 1371 facie
525 1329 839 1372 commissurali
863 1330 1091 1383 aequilongi
1114 1330 1182 1371 vel
1204 1329 1431 1382 longiores.
1459 1353 1515 1359 —
1551 1329 1591 1370 T.
1616 1329 1856 1380 mulltjslora

174 1401 252 1432 Dc.
279 1388 430 1430 Prodr.
461 1387 533 1440 IV,
560 1401 600 1442 p.
629 1389 726 1430 218.

216 1463 316 1498 Hah.
336 1463 376 1497 in
395 1462 582 1498 Armenia
599 1462 650 1497 ad
667 1462 766 1508 [spir
784 1461 950 1507 (Huetl)7
971 1461 1089 1507 Lycia
1105 1462 1152 1497 ad
1171 1461 1327 1497 Elmalu
1344 1462 1488 1507 (Bourg
1501 1465 1535 1506 l).

228 1547 266 1587 y.
301 1525 570 1568 tuberculata
597 1525 746 1581 (Gren.
772 1529 814 1568 et
841 1524 969 1568 Godr.
998 1526 1073 1567 loc.
1099 1526 1201 1579 cib).
1233 1551 1285 1556 —
1308 1526 1456 1568 Aculci
1479 1527 1680 1579 jugorum
1706 1527 1856 1568 dorsa-

170 1587 276 1629 lium
302 1585 497 1638 elongati,
516 1585 618 1639 juga
638 1585 888 1638 marginalia
911 1585 1166 1627 brevissime
1190 1585 1469 1627 tuberculata.
1502 1609 1555 1614 —
1588 1584 1630 1625 T.
1659 1584 1856 1626 tubercu-

172 1645 261 1686 lata
283 1644 422 1686 Boiss.
447 1644 559 1686 Ann.
587 1643 651 1686 Sc.
681 1643 775 1685 Nat.
804 1645 929 1695 1844,
957 1657 997 1697 p.
1029 1645 1096 1684 52.

219 1718 318 1753 Hab.
336 1717 377 1752 in
394 1716 508 1762 Syria
525 1717 606 1752 bor.
626 1727 746 1763 prope
763 1716 912 1763 Aleppo
936 1716 1073 1760 (Auch.
1091 1715 1197 1751 3639!
1218 1715 1391 1760 Kotschy
1404 1717 1441 1760 l),
1460 1725 1576 1762 prope
1604 1716 1748 1750 Aintah
1766 1719 1800 1750 et
1819 1717 1859 1750 in

171 1765 456 1811 Mesopotamia
473 1775 592 1811 prope
610 1763 893 1799 Kotschhassar
911 1762 1088 1808 (Haussk
1102 1765 1138 1807 l).

233 1829 270 1872 ὃ.
304 1827 667 1881 brachyacantlza.
701 1852 748 1856 —-
780 1827 928 1869 Aculei
958 1827 1160 1880 jugorum
1184 1826 1417 1868 dorsalium
1453 1826 1693 1878 uicricarpii
1728 1826 1856 1867 diam.

173 1888 305 1942 duplo
330 1887 566 1929 breviores.
593 1887 702 1939 Juga
725 1886 972 1939 marginalia
998 1885 1188 1926 breviter
1214 1885 1493 1926 tuberculata.
1522 1909 1574 1914 —
1604 1883 1648 1924 T.
1672 1884 1856 1937 brachy-

172 1945 363 1988 acantha
382 1945 521 1992 Boiss.
546 1945 657 1987 Anu.
685 1946 760 1987 loc.
786 1945 853 1986 cil..

224 2019 323 2055 Hah.
341 2019 381 2054 in
399 2018 566 2054 collibus
584 2019 769 2054 Damasci
785 2017 914 2062 (Boiss
926 2018 962 2061 l),
981 2016 1112 2051 Persia
1129 2015 1291 2051 australi
1306 2016 1485 2059 (Auem).

222 2087 283 2122 Ar.
310 2084 439 2130 Geoqr.
467 2084 621 2130 Europa
640 2083 769 2119 media
790 2084 828 2118 et
845 2082 1027 2117 australis
1046 2082 1096 2116 ab
1116 2080 1267 2126 Anglia,
1288 2080 1423 2125 Belgio
1448 2083 1483 2115 et
1513 2081 1718 2115 Germania
1741 2079 1868 2114 medi-51

175 2132 227 2168 ad
244 2132 423 2168 Bossiam
447 2131 668 2176 australem,
687 2130 830 2166 Sibiria
852 2129 1012 2173 Altaica‚
1039 2128 1240 2173 Songaria.
1273 2126 1525 2172 Cachemiria,
1544 2127 1670 2162 Africa
1690 2126 1867 2161 borealis.

487 2293 645 2341 LlSAEA
671 2293 826 2352 (Boiss.
871 2294 972 2340 Ann.
1014 2292 1079 2339 Sc.
1113 2291 1203 2338 Nat.
1247 2289 1375 2345 4844,
1406 2303 1442 2349 p.
1473 2288 1562 2346 54).

240 2407 373 2462 Calyx
393 2407 655 2450 5-dentatus.
684 2407 828 2449 Petala
855 2406 1117 2459 emarginata
1141 2417 1235 2447 cum
1263 2404 1442 2445 laciuula
1462 2404 1629 2444 inflexa.
1656 2401 1869 2442 exteriora

182 2467 306 2510 valde
332 2466 542 2508 radiantia
566 2465 781 2519 bipartita.
816 2466 1001 2508 Fructus
1025 2477 1047 2505 a
1073 2464 1205 2506 latere
1229 2474 1518 2515 compressus,
1545 2460 1594 2501 ad
1620 2459 1872 2501 commissu-

181 2538 275 2569 ram
303 2525 425 2567 valde
450 2524 707 2567 constrictus
734 2525 866 2578 raphe
895 2523 1059 2565 lineari.
1099 2521 1349 2573 Mericarpia
1373 2520 1488 2572 jugis
1523 2518 1738 2572 primariis
1767 2517 1870 2558 late-

184 2584 348 2627 ralibus
386 2584 604 2635 obsoletis,
647 2583 890 2626 dorsalibus
938 2581 1077 2624 tribus
1127 2582 1169 2622 in
1220 2580 1372 2621 cristas
1419 2590 1544 2631 parce
1588 2576 1871 2617 denticulatas

185 2642 403 2697 expansis,
413 2642 529 2697 jugis
545 2642 814 2684 secundariis
837 2642 902 2683 vel
916 2640 1119 2682 obsoletis
1143 2640 1208 2680 vel
1233 2639 1276 2679 in
1295 2637 1449 2678 seriem
1475 2635 1707 2688 simplicem
1726 2634 1872 2674 tuber-

187 2702 384 2744 culorum
408 2701 599 2743 mutatis.
627 2700 754 2742 Vittae
779 2699 859 2742 sub
881 2699 996 2753 jugis
1021 2696 1288 2739 secundariis
1325 2695 1538 2736 obsoletae.
1568 2693 1781 2735 Albumen
1809 2691 1873 2731 in-

189 2761 398 2802 volutum.
423 2784 479 2789 —
506 2759 662 2800 Herbae
688 2769 842 2800 annuae
868 2757 1028 2799 scabrae
1053 2755 1271 2798 albissorze.
1299 2778 1352 2783 --—
1376 2752 1522 2793 Geuus
1543 2751 1684 2792 habitu
1708 2753 1872 2790 et-com-

189 2819 388 2860 missurae
412 2818 546 2871 raphe
573 2817 722 2859 lineari
753 2815 976 2867 Tem-yonam
1006 2817 1142 2859 affine.
1182 2814 1233 2855 ab
1258 2816 1306 2854 ea
1334 2812 1448 2865 jugis
1478 2809 1693 2863 primariis
1723 2808 1874 2848 latera—

188 2878 304 2919 libus
327 2875 531 2919 obsoletis
559 2879 602 2917 et
624 2875 892 2917 secundariiS
921 2873 1052 2915 nullis
1074 2873 1140 2914 vel
1164 2871 1380 2914 subnullis
1404 2868 1790 2910 distinctissimum.
