1994 3211
129 220 202 258 990
826 224 1133 252 UMBELLIFERAE.
1668 213 1826 251 Ferula.

133 302 496 358 plicato-sulcatas
516 299 730 354 crispulas
758 298 1110 351 ovato-oblongas
1134 296 1289 340 obtuse
1308 293 1473 338 lobatas
1490 295 1828 350 pinnatipartitis

135 363 203 404 vel
230 361 374 411 sectis,
396 359 596 401 foliorum
623 357 899 411 superiorum
927 357 1080 410 vagina
1106 356 1314 409 adpressa
1341 354 1576 408 cylindrica
1599 355 1729 397 limbo
1751 355 1832 396 mi-

134 422 265 471 nimo,
290 418 492 462 umbellis
524 417 717 459 breviter
742 415 1027 467 4-5-1·adiatis,
1061 416 1215 469 petalis
1243 413 1420 465 glabris,
1450 414 1593 457 fructu
1623 413 1831 468 (Juniore)

134 479 342 533 pedicello
364 477 494 530 duplo
515 476 705 529 longiore
727 474 1134 528 oblongo-elliptico,
1155 473 1441 515 commissura
1459 473 1655 515 bivittata.
1687 479 1722 521 26
1737 505 1747 514 .

155 553 282 636 BHalo.
312 553 352 587 in
383 552 514 587 Persia
541 551 592 586 ad
624 550 819 586 Seidabad
848 550 948 585 inter
977 549 1157 585 Teheran
1185 551 1223 584 et
1253 549 1394 585 Tabris
1425 550 1463 584 et
1493 558 1614 595 prope
1631 547 1834 584 Schahrud

136 603 150 636 [
189 605 283 646 ge).

186 664 341 700 pedalis
359 666 394 697 et
414 660 712 707 sesquipedalis,
739 658 833 694 folia
857 659 1042 694 radicalia
1068 659 1212 704 ignota,
1238 658 1394 693 caulius
1420 657 1557 692 infima
1576 668 1664 694 cum
1692 658 1837 705 petiolo

140 711 339 755 vaginanti
357 710 434 744 fere
453 707 719 753 semipedalia,
736 707 937 752 segmenta
952 707 1020 741 vix
1037 706 1060 741 :2
1076 707 1200 741 lineas
1219 705 1337 750 longa
1355 704 1537 740 lac-inuiis
1548 706 1835 750 minutissimis,

139 754 237 794 radii
255 757 483 792 7-101ineas
501 755 624 800 longi.
644 755 678 789 A
697 753 739 789 F.
757 751 872 789 ουίηιῖ
892 753 1122 789 indumento
1140 753 1368 788 tenuissime
1387 752 1562 787 velutino
1590 763 1659 787 nec
1685 753 1837 788 aculeo-

138 807 233 843 ]ato,
253 805 356 839 foliis
375 806 412 839 et
426 803 638 847 segmentis
656 801 780 836 multo
796 801 1024 844 minoribus,
1043 800 1199 846 vaginis
1214 799 1377 835 caulinis
1392 809 1471 834 non
1485 799 1631 835 inflatis
1643 800 1838 836 distincta.

141 854 254 888 Viitae
272 853 338 896 [ex
356 850 503 886 ovariis
513 849 754 895 Junioribus)
772 847 956 883 solitariae
975 848 1140 893 turgidae
1158 847 1351 882 videntur.

204 985 268 1025 18.
303 982 357 1024 F.
383 980 904 1034 microcoleaffloiss.
928 980 1080 1032 Diagn.
1100 978 1193 1022 Ser.
1217 979 1249 1031 I,
1268 980 1309 1032 6,
1328 991 1366 1032 p.
1388 979 1442 1021 602
1462 979 1544 1021 sub
1563 976 1838 1032 Peucedano)

141 1042 303 1094 glabra,
327 1041 446 1083 caule
470 1039 590 1082 tenui
616 1039 764 1092 gracili
791 1039 1115 1081 subdicbotome
1143 1050 1314 1080 ramoso
1341 1038 1394 1079 ad
1418 1038 1619 1080 foliorum
1640 1041 1683 1079 et
1709 1048 1844 1079 ramo-

146 1094 241 1144 rum
264 1103 409 1143 ortum
430 1099 690 1148 subnodOSO,
719 1098 831 1140 soliis
859 1098 1119 1140 radicalibus
1143 1110 1165 1139 c
1188 1098 1347 1151 petiole
1369 1096 1588 1151 vaginanti
1616 1097 1846 1139 subterna-

144 1163 218 1203 tim
265 1157 708 1212 supradecompositis
745 1157 915 1210 petiolis
952 1157 1211 1210 partialibus
1248 1156 1640 1209 angulato-sti·iatis
1679 1154 1845 1197 lacissiis

149 1219 292 1272 parvis
315 1217 557 1259 carnosulis
581 1216 756 1258 sulcatis
780 1216 1147 1258 lineari-cuneatis
1173 1215 1373 1259 indivisis
1397 1216 1465 1257 vel
1493 1215 1703 1265 2-3-fidis,
1727 1213 1847 1256 solio—

145 1290 243 1320 rum
270 1277 537 1318 caulinorum
558 1275 814 1317 interiorum
837 1275 989 1328 vagina
1012 1275 1195 1328 oblonga
1221 1274 1350 1317 limbo
1378 1274 1544 1316 minuto
1569 1273 1847 1328 superiorum

146 1337 277 1385 nuda,
309 1335 597 1377 umbellarum
638 1338 786 1376 centro
817 1334 1082 1377 nodosarum
1115 1334 1248 1376 radiis
1283 1333 1493 1375 brevibus
1529 1333 1735 1375 tenuibus
1757 1331 1847 1381 3-4,

149 1395 397 1437 umbellulis
429 1393 688 1446 paucissoris,
715 1393 962 1435 involucelli
997 1394 1156 1447 phyllis
1184 1392 1330 1447 paucis
1352 1391 1562 1434 brevibus
1586 1389 1849 1442 lanceolatis,

148 1454 304 1507 ralycis
329 1451 532 1495 (lentibus
560 1452 846 1504 brevissimis,
868 1452 994 1506 stylis
1019 1452 1261 1506 stylopodio
1298 1451 1508 1504 depresso
1533 1451 1664 1505 duplo
1688 1449 1850 1502 longio—

151 1513 286 1563 ribus,
314 1513 457 1554 fruct-u
485 1511 691 1565 pedicello
719 1511 838 1553 tenui
861 1512 1140 1564 sublongiore
1179 1510 1364 1564 elliptico
1402 1513 1585 1563 anguste
1613 1508 1851 1562 marginato

148 1572 260 1624 jugis
289 1570 649 1625 prominentibus,
676 1570 796 1611 vittis
824 1570 934 1622 latis,
955 1569 1356 1613 commissuralibus
1385 1569 1499 1611 binis
1525 1569 1705 1611 remotis
1741 1573 1800 1615 26.

200 1646 299 1680 Hah.
320 1646 358 1680 in
374 1645 461 1691 alpe
481 1644 697 1679 Kubdaena
714 1644 859 1679 Persiae
878 1644 1062 1680 australis
1079 1645 1170 1690 (KV,
1188 1644 1307 1689 7311).
1334 1644 1374 1678 in
1403 1654 1513 1690 prov.
1545 1642 1783 1689 Aderbidjan
1804 1641 1855 1676 ad

156 1692 405 1728 Neim·daba(l
425 1702 543 1738 prope
561 1691 702 1727 Tabris
722 1691 913 1736 (BuhseU,
938 1692 979 1726 in
998 1702 1106 1739 prov.
1129 1692 1354 1727 Khorassan
1372 1691 1471 1726 inter
1489 1689 1695 1725 Schahrud
1711 1690 1749 1725 et
1766 1688 1855 1725 Nis-

152 1741 299 1786 rhapur
318 1742 356 1774 et
372 1740 471 1774 inter
490 1739 710 1785 Nischapur
728 1741 765 1774 et
782 1739 965 1774 Mesched
983 1739 1081 1785 (Bge
1097 1741 1133 1784 l).

198 1803 353 1839 Pedalis
387 1803 451 1838 vel
479 1802 776 1849 sesquipedalis,
809 1802 962 1838 laciniae
992 1802 1280 1839 remotiusculae
1311 1802 1452 1837 strictae
1480 1800 1626 1836 lineam
1651 1799 1855 1835 dimidiam

155 1853 230 1886 fors·
262 1851 349 1885 lata}
377 1851 396 1885 1
432 1850 516 1894 ¹l2-3
539 1850 664 1885 lineas
688 1849 829 1895 longae,
860 1850 961 1885 radii
985 1850 1072 1885 8-10
1098 1850 1222 1885 lineas
1240 1849 1359 1895 longi.
1378 1849 1507 1895 petala
1533 1848 1672 1894 glabra
1697 1847 1855 1886 ssavida.

153 1898 383 1944 mericarpia
398 1897 422 1933 3
442 1898 482 1942 ¹s2
503 1897 626 1932 lineas
644 1897 766 1942 longa
783 1898 802 1932 1
825 1897 866 1942 ¹s²
885 1898 966 1933 lata
985 1900 1155 1939 (tantum
1170 1898 1210 1932 in
1229 1908 1328 1943 spec.
1348 1896 1574 1941 Bungeanis
1593 1895 1691 1930 mihi
1709 1894 1855 1938 obvia).

154 1946 307 1991 speeies
326 1946 426 1980 inter
444 1945 577 1979 affines
597 1945 813 1988 gracilitate
833 1947 869 1980 et
886 1945 1173 1980 inlloreseentia„
1186 1945 1450 1990 depauperata
1465 1942 1660 1987 notabilis,
1673 1952 1722 1977 ex
1736 1941 1856 1988 speci-

156 1992 329 2027 minibus
348 1992 529 2039 pluribus
547 1991 615 2027 sed
634 1992 752 2027 nimis
770 1992 1006 2039 imperfectis
1024 1992 1226 2038 descripta.

772 2136 891 2179 SECT.
927 2136 967 2178 II
999 2137 1243 2180 EUFERULA.

519 2242 538 2258 *
588 2242 807 2290 Mericarpii
821 2253 957 2289 margo
976 2244 1124 2279 semine
1142 2243 1267 2279 multo
1287 2245 1500 2289 angustior.

225 2334 289 2374 19.
327 2332 382 2375 Γ.
419 2335 775 2387 stenocarpa
820 2332 980 2387 [Boiss.
1024 2336 1066 2375 et
1115 2332 1325 2387 llaussk.)
1370 2332 1519 2386 glabra
1566 2332 1859 2386 glaucescens‚

160 2392 279 2434 mulo
302 2403 448 2433 crasso
476 2392 587 2434 elato
613 2392 843 2445 spongioso
871 2392 997 2434 tereti
1024 2392 1175 2434 striato
1203 2404 1393 2446 superne
1417 2391 1794 2434 subverticillatim
1818 2394 1862 2433 et

161 2451 395 2503 composite
421 2451 690 2504 corymbOSO,
715 2451 826 2493 soliis
849 2451 1110 2494 radicalibus
1141 2451 1295 2505 amplis
1331 2451 1495 2493 ambitu
1518 2451 1603 2492 late
1624 2451 1861 2503 triangula-

162 2509 282 2551 ribus
306 2509 510 2551 ternatim
540 2509 997 2563 supradecompositis,
1024 2510 1171 2564 petioli
1198 2510 1485 2552 divisionibus
1505 2509 1676 2564 junceis
1699 2510 1863 2551 sensim

165 2569 206 2609 in
234 2567 409 2609 lacinias
437 2571 617 2621 anguste
635 2568 822 2611 lineares
850 2570 995 2622 longas
1019 2570 1237 2612 flexuosas
1261 2569 1536 2620 abeuntibus,
1553 2568 1664 2610 soliis
1683 2568 1863 2610 caulinis

163 2626 399 2680 paucilobis
440 2627 507 2668 vel
551 2627 605 2669 ad
637 2628 835 2680 vaginam
878 2628 1066 2669 inflatam
1104 2629 1382 2670 lanceolatam
1422 2627 1628 2676 reductis,
1664 2626 1864 2668 umbellis

165 2685 467 2727 multiradiatis
482 2686 662 2728 centrali
679 2685 923 2737 subsessili,
943 2687 1075 2729 radiis
1094 2687 1385 2729 breviusculis
1404 2687 1577 2728 demum
1594 2685 1867 2738 incrassatis,

165 2746 304 2786 l'ructu
338 2744 607 2798 (immaturo)
645 2744 855 2797 pedicello
897 2746 1223 2800 subaequilongo
1265 2748 1447 2799 anguste
1482 2738 1867 2798 prismatico-com-

166 2815 331 2856 presso,
368 2803 484 2857 jugis
519 2803 644 2845 valde
682 2804 939 2857 prominulis
973 2805 1132 2846 crassis
1176 2804 1487 2856 marginalibus
1520 2804 1591 2845 vix
1626 2803 1867 2855 latioribus,

166 2861 389 2903 vulleculis
418 2862 693 2913 3-4-vittatis,
717 2863 1001 2905 commissura
1024 2864 1294 2917 plurivittata
1331 2870 1390 2911 26.

214 2934 313 2969 Hab.
343 2935 383 2969 in
414 2935 546 2970 Persia
578 2935 741 2971 australi
770 2936 1001 2971 occidentali
1029 2938 1066 2972 in
1097 2937 1245 2972 fissuris
1275 2937 1435 2983 rupium
1464 2936 1727 2973 calcare-arum
1755 2935 1867 2972 Kotel

170 2980 289 3016 Mallu
309 2992 427 3027 supra
446 2982 651 3028 Schahpur
672 2982 736 3018 alt.
754 2982 961 3019 300‘-3000⁷
981 2983 1159 3028 (Haussk
1172 2986 1207 3028 l).
1227 2983 1270 3019 F]
1304 2985 1395 3030 Apr.
