2065 3236
212 253 284 290 570
930 257 1208 289 LEGUMINOSAE.
1802 255 1919 295 Vieza⁸

251 352 365 434 {lab
395 352 438 387 in
470 350 619 387 Tauria
643 350 889 386 meridionali
919 350 1020 386 circa
1051 349 1189 387 Nikita
1218 349 1357 396 (ΜΒ.)
1390 352 1429 386 et
1457 349 1617 397 Alupka
1652 351 1802 399 (Stev.).
1831 354 1921 391 Non

293 411 317 435 1.

216 410 328 547 ΣΔΓ..
347 463 482 545 Geoqir.
505 461 638 498 Gallia
656 463 693 497 et
709 460 923 498 Germania
938 460 1139 507 australes,
1167 460 1291 507 ltalia,
1309 460 1526 507 Dalmatia,
1546 461 1652 507 regio
1670 462 1923 512 Danubialis,

252 521 355 547 ossia
372 520 434 545 me
464 519 510 544 ia

272 658 310 699 6.
337 656 399 698 V.
423 653 684 710 hybrida
712 654 776 711 (L.
806 656 879 709 Sp.
915 655 1046 710 ¹037)
1072 655 1424 710 adpressiuscule
1449 657 1599 711 pilosa,
1624 659 1821 706 caulibus
1839 660 1920 704 dif-

213 717 322 759 fusis
339 716 407 758 vel
430 715 752 763 scandentibus,
773 715 883 758 foliis
899 714 1138 757 cirrhiferis
1158 715 1365 769 5-7-jugis
1382 715 1538 759 foliolis
1553 718 1749 761 obovatis
1767 719 1919 763 oblon-

212 776 367 829 gisque
392 774 570 826 retusis,
599 773 772 827 stipulis
798 773 978 816 minutis
1003 773 1294 816 semihastatis
1318 775 1622 828 superioribus
1648 777 1920 830 lanceolatis,

213 833 397 877 floribus
423 832 679 875 axillaribus
705 833 926 886 solitariis,
952 832 1198 886 pedunculo
1220 833 1364 887 calyce
1392 833 1608 888 breviore,
1635 835 1791 888 calycis
1826 837 1918 880 hir-

214 893 301 935 suti
324 892 483 934 corolla
503 892 622 934 lutea
645 892 714 933 vel
740 893 1150 946 purpureo-venosa
1168 891 1298 945 triplo
1320 892 1534 936 brevioris
1561 894 1726 936 laciniis
1748 895 1921 938 lancee*

211 951 562 994 lato-linearibus
588 950 719 992 rectis
746 950 953 992 inferiore
977 950 1081 993 tubo
1107 950 1322 1002 breviore,
1344 952 1502 994 vexillo
1531 953 1740 1007 adpresse
1760 954 1916 1007 piloso,

211 1010 430 1063 legumine
465 1010 633 1052 deflexo
658 1008 1070 1063 oblongo-rhombeo
1097 1021 1347 1063 compresso
1374 1011 1473 1065 pilis
1501 1012 1594 1054 basi
1619 1012 1694 1054 vix
1716 1012 1918 1056 tubercu-

210 1069 309 1111 latis
333 1069 517 1122 hirsuto,
539 1068 780 1111 seminibus
798 1068 989 1121 globosis
1008 1068 1144 1122 nigris
1166 1068 1252 1111 hilo
1268 1068 1450 1124 oblongo
1481 1074 1548 1121 O.
1571 1070 1626 1113 Ic.
1648 1071 1766 1125 Jacq.
1786 1071 1914 1114 Vind.

210 1128 295 1170 tab.
335 1129 428 1169 146.

256 1200 359 1236 Hab.
374 1201 474 1236 inter
490 1201 642 1245 segetes
659 1200 780 1235 totius
795 1200 967 1243 Graeciae,
987 1200 1168 1247 Byzantii
1185 1200 1297 1246 (Cast
1309 1203 1346 1247 l),
1357 1201 1557 1247 Bithyniae
1576 1203 1735 1247 (Griseb
1750 1205 1787 1248 l),
1800 1204 1917 1240 Pam-

207 1247 358 1329 phyliae
376 1248 562 1315 (Heldr'l),
578 1247 814 1317 Hydia-iiny
827 1249 863 1292 Ι),
881 1248 1004 1316 Syriae
1019 1248 1069 1284 ad
1077 1248 1231 1302 ‘Aleppo
1246 1248 1363 1303 (Kyl)
1381 1251 1418 1284 et
1435 1250 1476 1284 in
1489 1249 1640 1286 Libano
1658 1251 1829 1296 (Gailu),
1840 1252 1914 1287 Pa-

225 1296 360 1330 estinae
378 1295 509 1339 (B01ss
522 1296 561 1340 .),
579 1294 734 1330 'lamiae
753 1296 791 1330 et
806 1295 1123 1332 Transcaucafflae
1140 1297 1190 1331 ad
1208 1296 1398 1342 Caspium
1418 1296 1605 1342 (Ledeh.].
1622 1296 1681 1333 Fl.
1700 1308 1803 1334 vere.

207 1359 316 1441 Atili:
346 1357 659 1440 erogrhAnglia,
678 1357 809 1393 Gallia
826 1361 863 1394 et
880 1358 1093 1394 Germania
1110 1358 1314 1405 australes,
1332 1358 1538 1405 Hispania,
1555 1359 1681 1406 Italia,
1699 1360 1911 1408 Dalmatia,

261 1415 341 1440 rica
392 1415 483 1440 orea
516 1415 544 1440 s.

807 1552 860 1599 b.)
908 1552 1108 1588 Vexillum
1126 1552 1319 1598 glabrum.

804 1632 839 1665 ><
894 1625 1095 1672 Legumen
1108 1626 1316 1662 hirsutum.

268 1709 305 1749 7.
330 1706 393 1750 V.
415 1707 579 1751 lutea
601 1706 671 1762 (L.
693 1706 765 1761 Sp.
790 1706 923 1762 1037)
942 1707 1093 1761 pilosa,
1110 1707 1306 1750 caulibus
1326 1708 1541 1751 debilibus
1559 1709 1911 1766 ascendentibus,

207 1766 322 1809 foliis
345 1767 583 1809 cirrhiferis
610 1766 819 1820 5-8-jugis
840 1766 996 1808 foliolis
1015 1766 1460 1820 oblongo-linearibus
1483 1768 1552 1810 vel
1577 1768 1818 1812 linearibus
1837 1771 1913 1813 ob-

207 1826 334 1877 tusis,
362 1826 534 1880 stipulis
561 1826 710 1881 parvis
746 1825 1145 1878 obtriangularibus
1179 1825 1410 1879 bipartitis,
1444 1826 1628 1870 floribus
1654 1828 1912 1873 axillaribus

208 1884 414 1927 solitariis
456 1885 600 1928 rat-lus
622 1884 753 1937 binis,
783 1884 1042 1938 pedunculis
1065 1884 1208 1938 calyce
1242 1884 1533 1939 brevioribus,
1560 1886 1715 1940 calycis
1750 1889 1911 1932 corolla

205 1944 446 1997 sulphurea
472 1945 542 1986 vel
570 1943 986 1998 purpureo-suffusa
1028 1943 1158 1997 triplo
1183 1944 1400 1988 brevioris
1434 1957 1509 1987 ore
1547 1945 1721 2001 obliquo
1755 1947 1910 1991 lacinia

203 2001 410 2045 inferiore
424 2002 627 2045 subulata
644 2002 750 2045 tubo
765 2002 958 2055 longiore
980 2003 1283 2056 superioribus
1307 2003 1584 2047 brevioribus
1608 2017 1786 2048 sursum
1809 2017 1910 2048 con-

203 2060 470 2114 niventibus,
513 2063 672 2105 vexillo
696 2063 861 2115 glabro,
908 2061 1135 2115 legumine
1183 2062 1376 2117 stipitato
1418 2075 1668 2118 compresso
1706 2065 1912 2118 oblongo-

202 2120 409 2162 rhombco
448 2121 548 2174 pilis
576 2134 599 2163 e
624 2121 852 2164 tuberculo
887 2121 1030 2163 valido
1073 2121 1181 2163 ortis
1212 2122 1397 2176 hirsuto,
1436 2123 1678 2165 seminibus
1703 2123 1910 2178 globosis,

202 2178 289 2220 hilo
312 2180 495 2233 oblongo
523 2184 588 2231 Θ.

247 2251 346 2286 Hah.
364 2252 405 2287 in
423 2251 539 2287 cultis
554 2252 717 2288 Graeciae
735 2252 877 2297 (Sibth.
897 2252 1050 2299 Orphl),
1069 2254 1263 2290 Anatoliae
1289 2253 1460 2300 (Simu),
1478 2264 1586 2301 prov.
1606 2254 1912 2292 Transcaucasi—

199 2309 333 2334 carum
349 2299 537 2344 (Ledeb.).

258 2365 302 2419 β.
330 2364 462 2407 hirta.
488 2390 543 2396 —-
570 2365 764 2409 Densius
786 2367 1132 2421 piloso-hispida,
1160 2367 1304 2409 caules
1331 2366 1548 2409 firmiores
1573 2367 1820 2420 erectIOres,
1838 2378 1909 2410 co-

198 2424 307 2466 rolla
324 2424 529 2479 pallidius
553 2425 666 2467 flava
693 2426 761 2468 vel
788 2438 1128 2479 purpurascens.
1156 2450 1216 2457 —
1241 2426 1282 2468 V.
1307 2425 1428 2468 hirta
1453 2425 1572 2467 Balb.
1601 2429 1643 2468 et
1667 2428 1777 2468 auct.

245 2498 346 2533 Hah.
366 2501 461 2545 typo
479 2498 678 2545 vulgatior
693 2500 734 2535 in
752 2499 865 2535 cultis
884 2499 1002 2535 totius
1023 2499 1184 2535 ditionis
1202 2510 1225 2534 a
1243 2499 1395 2535 Graecia
1413 2501 1450 2534 et
1467 2499 1659 2544 Byzantio
1677 2499 1727 2534 ad
1747 2499 1905 2544 Syriam

196 2556 317 2592 prope
347 2546 541 2592 Tripolim
559 2546 670 2592 (ΒΗ),
687 2546 905 2593 AEgyptum
923 2547 1080 2591 (Samar
1088 2548 1125 2592 1),
1143 2547 1318 2582 Persiam
1335 2547 1418 2582 bor.
1437 2545 1568 2591 (Szow
1580 2547 1615 2591 Ξ).
1635 2546 1693 2581 Fl.
1711 2556 1813 2582 vere.

242 2609 303 2644 Ar.
326 2608 457 2654 Geoqr.
483 2609 641 2656 Europa
658 2610 787 2646 media
803 2611 841 2646 et
857 2610 1044 2646 australis
1063 2611 1112 2647 ab
1129 2610 1284 2657 Anglia,
1303 2610 1437 2646 Gallia
1454 2611 1492 2645 et
1508 2610 1722 2646 Germania
1738 2609 1907 2646 australi

163 2660 166 2662 “
197 2656 246 2692 ad
264 2656 446 2692 Rossiam
472 2657 696 2703 australem,
720 2658 852 2693 Africa
864 2657 1048 2693 borealis.

228 2816 235 2829 =
257 2797 296 2838 8.
322 2796 385 2838 V.
410 2797 790 2852 sericocarpa
815 2796 966 2851 (Fenzl
984 2797 1090 2850 Pug.
1118 2795 1226 2852 n04)
1255 2796 1465 2851 adpresse
1487 2797 1684 2850 pilosula‚
1702 2796 1904 2839 caulibus

197 2854 414 2906 debilibus
449 2856 620 2898 diffusis
647 2857 717 2898 vel
744 2856 1069 2909 scandentibus,
1097 2856 1207 2898 foliis
1235 2855 1473 2898 cirrbiferis
1507 2856 1710 2910 5-8-jugis
1743 2855 1903 2898 foliolis-

197 2910 290 2955 basi
317 2914 558 2967 angustatis
581 2914 821 2957 linearibus
846 2915 1058 2957 truncatis
1080 2915 1149 2957 vel
1170 2915 1335 2957 retusis
1360 2926 1456 2957 cum
1482 2927 1702 2968 mucrone,
1723 2915 1902 2968 stipulis

197 2972 489 3015 semihastatis
519 2973 800 3016 inferioribus
819 2974 911 3016 basi
936 2973 1225 3027 denticulatis,
1257 2973 1441 3016 floribus
1465 2974 1719 3016 axillaribus
1751 2973 1899 3015 solita<
1941 3009 1963 3012 l

194 3031 274 3073 riis
294 3032 442 3083 rarius
469 3031 598 3084 binis,
622 3033 880 3086 pedunculis
907 3033 1048 3086 calyce
1069 3032 1361 3085 brevioribus,
1389 3033 1546 3087 calycis
1566 3032 1725 3075 hirsuti
1737 3031 1899 3074 corolla
