1994 3211
123 199 196 236 938
822 209 1128 236 UMBELLIFERAE.
1635 202 1827 251 Pranyos.

175 295 276 330 Hab.
296 296 335 331 in
355 295 529 330 Caucaso
549 294 730 330 orientali
746 294 897 340 (M.B!)‚
923 296 964 331 in
992 296 1196 332 montibus
1212 297 1356 333 Persiae
1383 300 1502 334 austr.
1527 310 1644 345 supra
1670 299 1827 336 Schiraz

129 342 220 388 (Ky.
239 342 357 387 3241),
378 342 416 377 in
435 342 637 377 montibus
652 341 807 377 Sawers
830 344 868 377 et
885 342 1059 378 Eschker
1075 343 1328 389 Elymaitidis
1347 345 1411 381 alt.
1429 345 1534 382 9000·
1553 347 1776 392 (Haussk!].

173 407 237 441 Ar.
259 406 394 450 Geoqr.
416 405 557 450 Sicilia,
576 405 689 441 Italia
706 405 901 450 australis⁷
919 405 1127 442 Dalmatia.

188 557 224 597 Ξ).
259 553 316 597 Ρ.
344 563 732 608 macrocarpa
756 552 916 607 (Boiss.
946 555 1058 597 Ann.
1095 554 1160 597 Sc.
1192 555 1287 598 Nat.
1326 557 1448 609 1844,
1484 570 1524 611 p.
1566 556 1640 612 77)
1662 557 1826 611 glabra,

127 614 247 657 caule
274 614 385 655 elato
411 612 665 665 corymbose
691 625 875 664 ramoso,
899 613 1012 656 foliis
1035 614 1316 657 radicalibus.
1337 646 1348 656 .
1368 645 1378 655 .
1398 646 1430 668 .‚
1453 616 1634 658 caulinis
1657 616 1701 658 in
1724 616 1827 657 laci-

125 673 220 715 nias
261 675 452 713 setaceas
491 670 712 724 elongatas
752 672 963 726 pinnatim
1000 672 1327 727 decompositis‚
1375 674 1624 717 involucelli
1662 675 1826 728 phyllis

126 729 499 780 lineari-setaceis‚
526 729 671 772 fructu
698 731 907 784 pedicello
936 731 1066 785 duplo
1092 731 1285 785 longiore
1310 745 1465 787 magno
1489 736 1613 776 ovato
1630 733 1708 775 alis
1730 745 1826 775 rec-

124 790 181 832 tis
203 790 385 842 integris
410 789 501 831 basi
525 788 777 832 incrassatis
801 789 1140 832 membranaceis
1162 792 1409 846 mericarpii
1434 792 1643 834 diametro
1666 804 1824 846 angus-

125 849 310 891 tioribus
347 855 409 896 26.

173 921 274 957 Hah.
294 921 334 956 in
355 921 488 956 Persia
505 920 665 956 australi
684 920 822 966 (Auch.
843 920 952 957 3583!
972 923 1009 957 et
1022 921 1160 968 37301).

176 984 322 1020 Ramos
342 984 561 1030 superiores
579 983 725 1030 plantae
744 984 857 1020 elatae
875 986 1026 1020 tantum
1044 985 1138 1029 vidi,
1156 985 1249 1022 folia
1264 986 1310 1022 P.
1321 987 1531 1033 ferulaceae
1544 999 1567 1023 a
1581 990 1660 1035 qua
1673 988 1829 1025 differre

128 1031 284 1067 videtur
306 1031 429 1066 fructu
450 1031 571 1078 duplo
589 1032 734 1078 majore
752 1031 931 1078 pollicem
951 1032 1066 1078 longo
1085 1032 1108 1068 9
1126 1032 1250 1069 lineas
1269 1034 1361 1070 lato.

186 1192 224 1233 3.
258 1189 314 1232 P.
342 1189 693 1233 Uechtritzii
720 1189 859 1232 Boiss.
891 1192 934 1233 et
957 1189 1164 1247 Haussk.)
1192 1191 1353 1244 glabra,
1375 1191 1495 1234 caule
1521 1191 1632 1233 elato
1655 1191 1825 1244 striato,

126 1250 238 1293 soliis
263 1248 542 1291 inferioribus
573 1248 855 1302 amplissimis
893 1249 1184 1293 tel-natisectis
1222 1251 1530 1304 partitionibus
1566 1250 1611 1292 In
1644 1249 1826 1292 lacinias

127 1311 309 1361 anguste
346 1309 531 1350 lineares
558 1308 730 1350 strictas
767 1308 928 1362 saepius
965 1309 1183 1362 elongatas
1224 1308 1686 1364 supradecompositis‚
1726 1321 1823 1351 um-

124 1367 250 1409 bellis
276 1367 429 1420 amplis
456 1366 776 1418 mult-iradiatis,
812 1366 1025 1409 involucri
1050 1370 1092 1410 et
1114 1368 1360 1411 involucelli
1385 1368 1544 1422 phyllis
1572 1367 1824 1410 lineari-su-

124 1426 299 1477 bulatis‚
327 1426 494 1468 fructus
528 1425 840 1479 ovato-oblongi
873 1426 1079 1480 pedicello
1120 1426 1411 1480 sublongioris
1439 1427 1516 1470 alis
1543 1426 1673 1469 rectis
1695 1426 1826 1469 semi-

126 1485 194 1527 nis
219 1485 428 1526 diametro
451 1485 665 1538 aequilatis
693 1485 762 1526 vel
787 1485 1013 1528 latioribus
1047 1492 1084 1534 26
1099 1520 1105 1526 .

222 1558 321 1594 Hah.
342 1559 381 1593 in
408 1559 651 1605 rupestribus
677 1559 821 1594 montis
846 1558 1072 1606 Berytdagh
1099 1559 1297 1596 Cataoniae
1321 1559 1385 1595 alt.
1412 1559 1516 1595 '7000’
1535 1558 1759 1604 (Haussk!],
1781 1558 1824 1594 in

124 1608 258 1642 monte
285 1604 456 1650 Alidagh
479 1605 739 1652 Cappadociae
770 1608 808 1642 et
833 1606 1001 1642 collibus
1031 1617 1149 1654 prope
1181 1607 1401 1642 Caesaream
1419 1606 1482 1642 alt.
1500 1606 1603 1643 4500’
1624 1605 1723 1651 (Bal.
1742 1616 1822 1642 exs.

126 1653 200 1688 sub
217 1651 263 1687 P.
279 1650 518 1698 ferulacec‘i).

169 1717 281 1752 Folia
298 1717 481 1752 inferiora
505 1716 704 1763 bipedalia
733 1715 886 1752 laciniis
913 1716 1028 1753 lineae
1052 1718 1093 1763 ιβ
1111 1717 1201 1753 latis
1219 1716 1401 1764 pollicem
1419 1719 1486 1753 aut
1503 1716 1821 1764 sesquipollicem

122 1762 265 1810 longis,
290 1764 518 1810 mericarpia
538 1763 584 1799 10
607 1764 731 1799 lineas
758 1765 842 1799 circ.
871 1764 999 1808 longa.
1025 1764 1225 1800 Foliorum
1254 1764 1405 1800 laciniis
1425 1764 1633 1800 latioribus
1659 1764 1824 1810 rigidio-

121 1811 232 1847 ribus
249 1811 493 1857 longioribus
514 1811 819 1858 involucellique
839 1812 988 1858 phyllis
1005 1812 1190 1848 tenuibus
1208 1822 1231 1847 a
1248 1811 1294 1847 Ρ.
1312 1809 1520 1858 ferulaceo?
1537 1812 1729 1847 distincta.

181 1964 218 2005 4.
253 1962 312 2004 P.
350 1962 755 2018 platychlaena
792 1964 951 2020 (Boiss.
977 1965 1022 2007 in
1049 1966 1193 2008 Tchih.
1228 1966 1303 2008 As.
1328 1966 1427 2008 Min.
1453 1966 1546 2009 Bot.
1577 1966 1608 2019 I,
1638 1979 1678 2021 p.
1706 1967 1819 2023 457)

120 2022 283 2075 glabra,
309 2022 433 2064 caule
455 2022 566 2065 elato
592 2023 759 2065 rubello
776 2024 942 2076 striato,
964 2024 1077 2068 foliis
1095 2024 1258 2068 ambitu
1289 2025 1631 2079 ovato-oblongis
1662 2026 1820 2079 amplis

121 2081 166 2123 in
196 2081 370 2123 lacinias
401 2084 582 2134 anguste
618 2082 802 2125 lineares
839 2083 1062 2126 filiformes
1103 2084 1322 2138 elongatas
1359 2084 1821 2139 supradecompositis‚

120 2139 323 2182 umbellis
345 2140 498 2193 amplis
527 2141 816 2193 5-9-radiatis,
844 2142 1057 2185 involucri
1080 2145 1123 2185 et
1148 2143 1395 2185 involucelli
1420 2143 1580 2197 phyllis
1606 2143 1819 2187 brevibus

118 2199 217 2240 latis
253 2199 595 2253 ovato-oblongis
623 2199 760 2242 acutis
787 2200 990 2253 deflexis,
1027 2202 1171 2244 fructu
1200 2201 1380 2255 oblongo
1403 2202 1612 2256 pedicello
1639 2204 1818 2246 sublon-

118 2258 252 2311 giore‚
276 2257 522 2312 mericarpii
542 2259 621 2300 alis
648 2258 778 2301 rectis
802 2260 981 2302 seminis
1005 2260 1214 2303 diametro
1243 2260 1372 2315 duplo
1396 2261 1722 2314 angustioribus
1756 2272 1816 2314 26.

119 2316 168 2358 P.
197 2316 390 2358 Armcna
413 2317 492 2370 Ky.
521 2319 563 2358 et
585 2317 723 2360 Boiss.
750 2318 794 2360 in
818 2319 897 2372 Ky.
925 2319 982 2373 pl.
1010 2330 1099 2361 exs.
1133 2321 1256 2362 1859.

166 2388 266 2423 Hah.
292 2389 331 2423 in
358 2389 462 2425 valle
491 2389 678 2426 Goshkar
699 2401 817 2438 prope
841 2394 1017 2427 montem
1045 2391 1294 2438 Bingo'ldagh
1321 2393 1518 2429 Armeniae
1546 2394 1729 2430 australis
1747 2393 1813 2430 alt.

117 2435 342 2471 6000’-7000’
362 2436 451 2481 (Ky.
471 2447 550 2472 exs.
568 2437 687 2482 5151),
721 2448 839 2485 prope
855 2449 1001 2484 pagum
1021 2439 1118 2474 Kale
1136 2440 1327 2484 (Tchihl),
1357 2440 1397 2476 in
1420 2441 1624 2477 montibus
1641 2441 1814 2487 Akdagh

117 2485 155 2518 et
171 2482 419 2528 Bolamdagh
438 2484 637 2520 Cataoniae
659 2485 855 2530 (Hausskl
875 2486 1001 2521 forma
1017 2486 1142 2522 fructu
1160 2487 1359 2532 breviori).

163 2544 276 2580 Folia
303 2545 489 2581 radicalia
516 2547 673 2592 pedalia
696 2550 733 2583 et
759 2548 939 2594 longiora
956 2549 1109 2584 laciniis
1126 2560 1230 2596 saepe
1248 2550 1513 2596 pollicaribus,
1528 2551 1691 2586 mericar
1721 2551 1758 2586 ia
1773 2551 1818 2586 7-

116 2592 160 2627 11
189 2591 313 2627 lineas
344 2592 479 2638 longa3
512 2604 534 2629 a
552 2593 597 2628 P.
613 2593 820 2641 ferulacea*
850 2597 887 2630 et
916 2596 1099 2632 affinibus
1128 2596 1322 2632 involucri
1351 2599 1388 2633 et
1417 2597 1647 2634 involucelli
1664 2609 1688 2645 p
1721 2598 1819 2644 yllis

116 2639 244 2675 ovatis
264 2649 333 2675 nec
351 2639 799 2678 lanceolam-linearibus
818 2642 1010 2678 distincta.

174 2788 211 2827 5.
246 2786 302 2828 P.
335 2785 806 2841 peucedanifolia
831 2789 982 2844 (Fenzl
1004 2790 1117 2832 Flor.
1149 2792 1274 2842 1843,
1304 2802 1342 2844 p.
1366 2790 1472 2846 463)
1496 2792 1663 2845 glabra,
1691 2793 1816 2836 caule

113 2846 242 2886 tereti
269 2858 422 2898 parum
449 2847 574 2897 elato5
597 2847 712 2889 foliis
735 2859 758 2889 e
784 2848 942 2902 petiolo
969 2850 1094 2902 longe
1125 2852 1167 2891 et
1189 2852 1370 2903 anguste
1393 2850 1614 2904 vaginanti
1637 2849 1810 2894 subter-

114 2903 247 2944 natim
276 2905 671 2957 3-4-pinnatisectis
699 2906 865 2949 laciniis
888 2907 1026 2961 longis
1054 2908 1293 2951 linearibus
1311 2909 1462 2961 acutis,
1484 2909 1702 2963 petiolulis
1720 2910 1813 2965 pri·

111 2962 264 3004 mariis
291 2963 515 3017 elongatis,
543 2964 741 3007 umbellis
767 2965 892 3019 longe
917 2967 1238 3020 ‘hm-radians,
1265 2967 1478 3010 involucri
1495 2971 1538 3010 et
1559 2968 1811 3012 involucelli
