1994 3211
146 233 235 267 1094
825 237 1132 263 UMBELLIFERAE.
1540 227 1835 264 Peucedanum.

144 310 390 354 involucelli
411 309 568 363 phyllis
596 309 843 352 numerosis
864 322 887 351 a
912 306 1007 349 basi
1033 308 1267 351 lanceolata
1295 308 1475 351 sctaceis
1502 309 1691 362 reflexis,
1718 311 1834 362 peta-

145 372 196 413 lis
217 372 338 421 albis,
362 370 504 411 fructu
532 372 656 411 ovato
683 369 801 422 apice
827 381 913 411 non
940 370 1090 410 retuso
1114 371 1294 421 anguste
1311 368 1562 421 marginato‚
1584 368 1702 409 vittis
1720 379 1837 410 cras-

143 430 360 481 siusculis,
386 427 787 470 commissuralibus
811 426 925 469 binis
950 425 1069 478 apice
1090 426 1278 469 arcuatis
1306 426 1402 468 dein
1436 426 1654 480 parallelis
1687 432 1746 473 26.
1784 427 1832 467 P.

152 488 359 530 Cervaria
383 486 566 540 Lapeyr.
598 486 702 528 Abr.
736 487 830 528 149.
846 511 898 515 -—
926 482 1120 528 Setinum
1145 484 1352 527 Cervaria
1379 485 1545 526 Crantz.
1566 509 1618 514 -
1644 485 1696 526 Ic.
1716 484 1834 538 Jacq.

142 547 292 589 Austr.
316 547 400 589 tab.
432 548 499 587 69.
525 544 656 586 Rchb.
687 544 832 586 Germ.
860 547 888 586 t.
916 543 1041 586 1959.

188 620 289 655 Hah.
304 620 342 654 in
359 619 526 655 collibus
544 619 581 653 et
595 618 783 661 dumosis,
799 617 993 652 Caucasus
1008 616 1176 652 borealis
1191 617 1242 652 ad
1255 616 1422 651 fluvium
1439 616 1565 652 Terek
1580 616 1833 661 (Guldenst.),

142 667 302 712 probab.
322 667 362 701 in
381 665 611 701 Macedonia
628 664 786 700 boreali.

186 731 246 766 Ar.
270 730 403 775 Geoqr.
432 730 590 774 Europa
616 727 745 763 media
760 728 794 762 ra
812 726 948 772 Belgio
975 729 1013 762 et
1037 726 1250 762 Germania
1267 728 1315 763 ad
1333 727 1665 772 Transylvaniam
1689 729 1726 762 et
1742 726 1835 761 Bul-

145 779 294 823 gariam
326 780 363 813 et
395 777 445 812 ab
471 776 662 822 Hispania
685 774 832 810 boreali
859 778 896 809 et
918 774 1031 809 Italia
1059 774 1108 809 ad
1126 775 1390 815 Dalmatiam,
1416 774 1559 809 Sibiria
1577 774 1778 810 Uralensis
1798 775 1835 808 et

143 825 304 860 Altaica.

205 983 275 1023 24.
311 980 368 1022 P.
396 978 807 1022 oreoselinum
835 976 911 1032 (L.
940 977 1011 1032 Sp.
1041 978 1125 1019 352
1148 977 1230 1019 sub
1257 976 1585 1031 Athamantkd)
1620 977 1832 1031 glabrum,

143 1041 264 1083 caule
287 1040 414 1081 tereti
435 1038 585 1080 striato
604 1037 712 1078 clato
732 1048 858 1090 parce
875 1049 1059 1089 ramoso,
1077 1036 1188 1078 foliis
1211 1035 1491 1078 inferioribus
1515 1036 1677 1078 ambitu
1700 1037 1832 1078 triana

143 1099 369 1154 gularibus
396 1099 521 1149 longe
545 1095 759 1150 petiolatis
787 1095 1137 1137 triternatisectis
1165 1094 1383 1148 petiolulis
1416 1094 1833 1137 refracto-divarica-

146 1159 216 1210 tis,
245 1157 478 1210 segmentis
502 1154 716 1197 viridibus
734 1154 871 1196 ovat-is
898 1153 1033 1196 inciso
1059 1155 1127 1196 vel
1145 1153 1607 1207 pinnatifido-dentatis
1631 1154 1832 1196 dentibus

142 1217 294 1266 acutis,
318 1214 531 1257 involucri
561 1216 603 1256 et
627 1212 874 1256 involucelli
911 1213 1070 1266 phyllis
1107 1212 1354 1255 numerosis
1388 1213 1828 1255 lanceolato—setaceis

146 1275 334 1325 reflexis,
354 1273 507 1328 petalis
526 1273 647 1323 albis,
667 1272 809 1314 fructu
829 1271 1064 1314 orbiculato
1079 1271 1197 1326 apice
1214 1274 1363 1313 retuso
1380 1274 1560 1324 anguste
1577 1271 1830 1323 marginato,

144 1335 263 1377 vittis
300 1332 631 1379 crassiusculis,
670 1330 1071 1373 commissuralibus
1112 1329 1225 1372 binis
1261 1329 1386 1372 valde
1417 1330 1607 1371 arcuatis
1648 1330 1828 1383 margini

144 1393 355 1445 contiguis
391 1396 426 1437 26
460 1391 507 1432 P.
538 1389 837 1432 Oreosolinum
854 1389 1016 1431 Maench
1035 1389 1161 1432 Meth.
1184 1389 1250 1431 82.
1273 1414 1326 1419 -
1353 1388 1407 1430 lc.
1433 1388 1551 1444 Jacq.
1573 1388 1724 1430 Austr.
1746 1388 1829 1431 tab.

145 1454 213 1494 68,
240 1451 375 1493 Rchb.
404 1449 547 1491 Germ.
577 1449 660 1490 tab.
695 1449 818 1490 1960.

190 1525 289 1560 Hah.
310 1526 349 1560 in
368 1523 588 1570 subalpinis
609 1521 774 1557 Caucasi
792 1520 934 1566 (MR).
952 1521 1038 1556 Non
1053 1520 1146 1556 vidi.

187 1592 244 1627 Ar.
273 1592 401 1635 Geoqr.
422 1589 576 1634 Europa
596 1587 724 1623 media
738 1589 775 1622 et
792 1586 974 1622 australis
993 1597 1016 1621 a
1034 1587 1161 1622 Dania
1178 1590 1216 1622 et
1237 1586 1451 1623 Germania
1470 1586 1518 1621 ad
1537 1586 1718 1622 Rossiam
1743 1596 1824 1621 me·

144 1639 249 1674 diam
269 1641 306 1673 et
324 1637 516 1683 Hispania,
534 1635 662 1670 media
679 1634 727 1670 ad
746 1633 995 1669 Dalmatiam.

204 1795 271 1836 25.
306 1793 364 1836 P.
395 1790 726 1834 Alsaticum
765 1789 810 1831 L.
847 1789 919 1843 Sp.
958 1788 1061 1844 854)
1096 1789 1293 1842 glabrum
1320 1788 1490 1830 intense
1517 1788 1670 1842 viride,
1710 1788 1831 1830 caule

143 1854 255 1896 elato
283 1850 668 1904 angulato-sulcato
690 1849 944 1902 paniculato,
972 1848 1082 1890 foliis
1109 1847 1465 1902 tripinnatisectis
1494 1847 1656 1889 ambitu
1686 1849 1832 1890 ovato·

144 1910 503 1965 triangularibus,
528 1908 760 1961 segmentis
788 1907 925 1950 ovatis
942 1907 986 1949 in
1003 1907 1176 1949 lacinias
1201 1906 1638 1948 lineari-lanceolatas
1663 1918 1834 1948 mucro-

145 1974 267 2013 natas
291 1969 484 2022 margine
513 1967 686 2009 scabras
714 1966 979 2020 pinnatifidis
1010 1967 1077 2008 vel
1104 1965 1301 2020 partitis,
1330 1964 1527 2007 umbella}
1562 1965 1698 2007 radiis
1728 1965 1831 2007 6-20

144 2029 352 2071 brevibus
376 2026 550 2080 glabris.
575 2025 787 2067 involucri
813 2028 855 2067 et
877 2025 1123 2067 involucelli
1147 2024 1305 2078 phyllis
1329 2025 1402 2066 5-8
1422 2023 1670 2077 patentibus
1696 2023 1830 2065 linea-

144 2088 280 2139 ribus,
307 2086 460 2140 petalis
484 2084 813 2135 latescentibus‚
838 2085 981 2126 fructu
1008 2083 1343 2136 ovato-elliptico
1370 2083 1462 2124 basi
1484 2085 1648 2134 retuso,
1674 2082 1831 2134 margi-

142 2160 193 2189 ne
208 2146 381 2188 dimidio
395 2144 548 2186 semini
567 2143 865 2196 subaequilato,
881 2143 1005 2196 stylis
1028 2142 1270 2196 stylopodio
1288 2141 1432 2183 conico
1456 2141 1528 2183 vix
1544 2141 1826 2194 longioribus,

136 2206 252 2260 jugis
276 2204 454 2246 elevatis
483 2202 698 2245 vittiferis.
713 2202 829 2243 vittis
846 2202 1152 2244 vallecularum
1172 2200 1412 2243 latiusculis
1428 2199 1828 2242 commissuralibus

140 2265 254 2306 binis
277 2264 348 2305 vix
371 2262 559 2304 arcuatis
594 2264 651 2304 26.
683 2260 737 2302 Ic.
759 2260 875 2314 Jacq.
899 2260 1050 2302 Austr.
1084 2260 1168 2302 tal).
1201 2261 1268 2301 70.
1303 2259 1434 2300 Rchb.
1470 2257 1612 2300 Germ.
1642 2261 1670 2300 t.
1703 2259 1828 2310 1961,

141 2347 198 2355 —
220 2322 423 2365 Cnidium
447 2319 690 2362 Alsat'e’eum
713 2319 895 2373 Spreng.
924 2343 981 2350 —
1008 2318 1341 2371 Taeniopetalmn
1359 2316 1702 2369 peucedanoides
1725 2316 1825 2370 Bge.

141 2383 195 2436 pl.
226 2381 370 2423 Lehm.
395 2393 434 2434 p.
466 2380 564 2421 303.

140 2451 797 2547 [MHssb‚gsssplzilfutssZffiIacedonia
815 2451 853 2486 in
874 2452 1005 2486 monte
1022 2450 1126 2486 Atho
1148 2451 1213 2495 (ex
1231 2450 1375 2496 Sibth),
1400 2449 1546 2485 Tauria
1564 2451 1601 2485 et
1618 2448 1824 2484 Caucasus.

188 2563 385 2608 Margin‘s
412 2561 730 2643 inericarjpioi·um
760 2560 964 2605 contiguos
993 2569 1063 2595 nec
1091 2562 1133 2594 ut
1160 2556 1353 2606 Anqelicc‘z*
1383 2557 1538 2593 hiantes
1553 2568 1708 2604 semper
1734 2557 1826 2592 vidi.

142 2612 252 2657 Jugis
268 2610 448 2645 vittiferis
475 2609 522 2643 ad
581 2607 785 2643 ohrem'am
805 2606 950 2642 accedit
974 2606 1043 2641 sed
1067 2606 1384 2653 mericarpiorum
1406 2605 1584 2651 margine
1608 2615 1687 2640 non
1710 2614 1827 2651 spon-

142 2659 250 2704 gioso
267 2658 411 2700 inflato,
433 2657 513 2700 etc„
533 2655 673 2690 differt.

187 2723 251 2758 Ar.
270 2723 403 2766 Geogr.
432 2720 564 2756 Gallia
581 2719 730 2763 media,
758 2718 959 2764 Helvetia,
978 2718 1187 2754 Germania
1213 2718 1416 2763 australis,
1440 2717 1558 2753 vallis
1578 2715 1825 2761 Danubialis,

139 2769 280 2805 Rossia
297 2767 490 2813 australis,
511 2767 651 2802 Sibiria
674 2766 834 2801 Altaica.

202 2924 269 2965 26.
302 2922 360 2964 Ρ.
395 2921 685 2964 venetum
712 2920 913 2975 (Spreng.
936 2918 1060 2961 Umb.
1089 2931 1130 2973 p.
1166 2920 1218 2960 73
1241 2918 1324 2960 sub
1346 2917 1508 2973 Selino)
1532 2917 1729 2971 glabrum
1756 2916 1825 2958 vel

143 2982 235 3024 basi
253 2981 529 3035 puberulum‚
556 2980 676 3021 caule
692 2979 1080 3032 angulato-sulcato
1107 2977 1365 3032 paniculato,
1384 2976 1495 3019 foliis
1513 2976 1673 3019 ambitu
1693 2975 1826 3018 trian-
