2015 3227
151 173 393 212 Colladom'a.
844 183 1149 209 UMBELLIFERAE.
1774 171 1847 207 945

212 267 252 307 2.
286 265 338 308 C.
367 265 738 320 heptaptera‚
756 265 917 318 glabra,
933 266 1053 308 caule
1075 268 1197 308 acute
1216 265 1432 318 triquetro
1450 275 1641 317 superne
1658 274 1846 314 ramoso,

150 324 263 367 foliis
289 324 568 366 inferioribus
597 324 806 377 elongatis
833 324 995 367 ambitu
1017 324 1264 366 lanceolatis
1287 323 1582 376 pinnatiseclis
1610 322 1845 374 segmentis

151 383 345 436 oblongis
363 382 563 424 indivisis
581 382 646 423 vel
663 383 819 425 iterum
834 383 1023 425 triscctis
1043 384 1108 425 vel
1124 382 1353 435 tripartitis
1368 381 1568 424 omnibus
1584 381 1740 422 callose
1756 392 1845 421 cre-

152 441 280 494 natiS‚
298 441 410 484 foliis
425 442 607 483 summis
631 441 683 482 ad
704 442 878 494 vaginas
897 442 1084 483 lineares
1103 441 1308 487 reductis,
1333 441 1529 482 nmhelhe
1549 439 1683 481 radiis
1715 439 1845 480 10-12

152 500 376 553 elongatis,
404 499 616 541 involucri
650 503 693 541 et
724 500 971 542 involucelli
1002 501 1162 554 phyllis
1190 499 1438 541 lanceolatis
1474 498 1670 550 deflexis,
1700 498 1846 540 fructu

152 559 362 614 pediccllo
387 558 665 610 snblongiore
689 562 826 610 ovato,
852 560 1108 613 mericarpio
1139 560 1273 601 altero
1311 559 1493 612 triptero
1528 558 1662 598 allero
1686 559 1857 609 tctrap÷

150 621 259 669 tem,
277 618 355 660 alis
375 616 623 658 lateralibus
642 618 820 659 seminis
838 618 962 659 diam.
989 619 1124 660 multo
1151 616 1390 668 latioribus,
1414 616 1657 658 dorsalibus
1686 627 1849 667 angus-

150 676 335 719 tioribus
364 680 420 722 26.
445 676 709 728 Heptaptera
735 675 1071 718 colladonioides
1098 677 1225 718 Reut.
1250 680 1291 717 ct
1310 676 1442 728 Marg.
1461 676 1520 716 Fl.
1546 675 1693 726 Zante‚
1712 686 1751 727 p.
1771 674 1843 714 52.

151 736 241 779 tab.
272 737 310 777 5.

198 810 297 845 Hah.
317 810 355 844 in
371 809 559 855 lapidosis
578 808 774 844 umbrosis
794 808 936 843 insulae
953 808 1142 852 Zacynthi
1162 808 1335 854 (Margi),
1356 807 1610 854 Cephaloniae
1636 807 1685 842 ad
1711 805 1850 841 Lixuri

149 857 333 901 (Heldrl)⁷
352 857 529 892 Laconiae
547 856 587 890 in
605 856 713 891 fauce
729 855 862 891 Parori
879 866 995 902 supra
1014 856 1149 891 Mistra
1167 859 1204 891 et
1223 856 1273 891 ad
1290 866 1435 902 pagum
1448 855 1642 900 Anavryti
1657 853 1847 898 (Heldrl)‚

151 904 192 939 in
211 907 341 940 monte
360 904 515 939 Malevo
535 902 703 949 (Orphl).
732 903 789 938 Fl.
811 903 898 937 Jun.

198 957 414 1004 Bipedalis,
432 957 527 992 folia
544 957 726 992 radicalia
752 956 907 1003 pedalia
933 958 1143 1003 segmentis
1166 956 1414 1003 1-2-pollices
1441 956 1584 1001 longis,
1619 953 1850 999 mericarpia

151 1005 216 1041 7-8
233 1005 356 1040 lineas
375 1005 493 1050 longa
509 1005 573 1039 4-5
594 1004 683 1039 lata.
703 1004 846 1039 Fructu
865 1004 983 1051 duplo
999 1005 1137 1051 majori
1150 1004 1228 1039 late
1248 1004 1366 1049 alato,
1385 1003 1627 1050 mericarpiis
1647 1000 1851 1037 dissimili-

152 1053 227 1089 bus
246 1063 269 1088 a
290 1052 325 1088 C.
349 1048 539 1099 triquetra?
558 1051 750 1087 distincta.

152 1190 273 1233 SECT.
309 1190 360 1231 ΙΙ.
396 1184 710 1231 ΜΕιίοαΑΒΡυε.
741 1212 789 1219 -
828 1187 1135 1240 Pcricarpz'nm
1163 1186 1338 1239 Inferna
1360 1187 1481 1230 ultrei
1509 1188 1689 1230 seminis
1721 1188 1850 1230 basin

441 1247 717 1300 productam.

214 1351 251 1392 3.
288 1350 340 1393 C.
370 1348 706 1401 AnatoHca,
743 1348 863 1390 caule
900 1348 1027 1390 tereti
1066 1359 1256 1401 superne
1298 1361 1490 1401 ramoso,
1532 1349 1644 1392 foliis
1685 1350 1849 1391 ambitu

154 1410 291 1452 ovatis
318 1408 662 1462 bipiunatisectis
689 1407 923 1460 segmentis
950 1407 1401 1460 oblongo-lanceolatis
1429 1408 1598 1450 obtusis
1626 1409 1719 1451 basi
1745 1411 1852 1450 atte-

153 1471 284 1511 nuata
322 1466 657 1509 decurrentibus
690 1467 1083 1518 calloso-cremus,
1122 1466 1340 1520 petiolulis
1382 1467 1850 1518 serrulam-scabridis,

153 1527 357 1570 umbellis
384 1527 510 1579 longe
536 1525 858 1577 Sale-radians,
884 1525 1099 1567 involucri
1126 1528 1168 1567 et
1191 1525 1438 1568 involucelli
1456 1526 1616 1579 phyllis
1640 1526 1851 1568 brevibus

153 1583 619 1638 oblongo-lanceolatis‚
647 1585 794 1628 fructu
816 1584 940 1637 longe
966 1583 1331 1637 lineari-elliptico
1356 1584 1563 1639 pedicello
1593 1585 1850 1627 subbrevio-

150 1657 214 1698 re,
233 1643 504 1697 mericarpiis
528 1642 756 1696 similibus,
775 1643 891 1696 jugis
911 1643 1156 1685 dorsalibus
1181 1643 1323 1686 tribus
1345 1643 1513 1686 obtusis
1538 1644 1705 1686 inferne
1734 1645 1849 1686 ultra

152 1716 302 1747 semen
330 1715 413 1745 non
441 1703 677 1756 productis,
709 1701 962 1744 lateralibus
986 1702 1028 1743 in
1055 1703 1143 1744 alas
1172 1702 1406 1745 corticosas
1440 1702 1654 1755 dilatatis,
1680 1703 1850 1745 semine

151 1762 394 1818 pericarpio
420 1761 552 1815 duplo
577 1761 778 1804 breviore
807 1771 862 1812 ᾏ.
882 1760 1174 1813 Meliocarpus
1198 1760 1457 1803 Anatolz'czcs
1482 1762 1621 1805 Boiss.
1646 1763 1758 1805 Anu.
1780 1761 1847 1803 Sc.

152 1822 251 1864 Nat.
289 1822 410 1872 1844,
439 1833 477 1874 p.
504 1822 573 1863 84.

199 1896 299 1931 Hah.
332 1896 372 1931 in
405 1895 572 1931 collibus
591 1895 726 1940 Lydiae
748 1905 867 1942 prope
888 1895 1099 1941 Smyrnam
1118 1895 1168 1931 ad
1189 1896 1296 1931 viam
1315 1906 1402 1942 quae
1428 1907 1566 1932 versus
1585 1907 1730 1943 pagum
1747 1895 1853 1930 Bud-

148 1944 190 1991 ja
205 1943 310 1979 ducit
324 1943 454 1987 (Boiss
468 1944 510 1987 !).
529 1943 585 1978 Fl.
601 1943 690 1978 Mai.

198 1999 409 2046 BIpedalis‚
427 2001 629 2044 segmenta
648 1998 890 2045 1-2-pollices
907 1998 1028 2043 longa
1054 1999 1118 2034 4-5
1146 1999 1212 2034 lin.
1240 1999 1338 2041 lata,
1370 2000 1601 2046 niericarpia
1620 1999 1708 2035 9-10
1725 2000 1852 2035 lineas

153 2046 273 2092 longa
293 2047 316 2082 2
339 2047 380 2090 Ἢ
402 2046 493 2081 lata.
524 2047 557 2081 A
575 2045 780 2092 speciebus
798 2046 1054 2091 sequentibus
1070 2047 1176 2091 jugis
1196 2046 1419 2081 dorsalibus
1438 2047 1589 2082 obtusis
1610 2048 1757 2082 semine
1771 2057 1849 2081 non

153 2094 410 2139 longioribus,
430 2103 498 2129 nec
515 2093 605 2139 plus
620 2093 801 2128 minusve
819 2093 933 2128 alatis
952 2096 989 2128 et
1006 2093 1053 2127 ad
1074 2093 1190 2129 basin
1207 2094 1414 2140 pericarpii
1432 2094 1629 2140 perductis
1652 2094 1849 2129 distincta.

213 2211 254 2251 4.
292 2209 344 2252 C.
379 2208 553 2261 alata,
581 2209 702 2252 caule
724 2209 852 2251 tereti
877 2220 1068 2262 superne
1093 2221 1275 2257 ramoso,
1302 2208 1416 2251 foliis
1452 2208 1731 2251 inferioribus
1762 2223 1853 2252 am-

153 2268 248 2311 bitu
275 2269 412 2311 ovatis
443 2268 742 2321 pinnatisectis
774 2268 979 2322 l-Q-jugis
1010 2268 1245 2320 segmentis
1282 2268 1420 2309 ovatis
1445 2268 1611 2309 obtusis
1640 2269 1852 2312 calcareo-

152 2328 340 2370 crenatis
366 2327 587 2369 interdum
607 2326 794 2369 cordatis
815 2326 1096 2369 inferioribus
1121 2338 1233 2380 saepe
1254 2327 1485 2380 bipartitis,
1512 2327 1700 2369 umbella
1724 2328 1849 2381 longe

152 2383 457 2438 Plo-radiata,
498 2385 712 2428 involucri
763 2388 805 2427 et
847 2385 1095 2427 involucelli
1140 2386 1297 2439 phyllis
1334 2385 1528 2438 oblongIS
1564 2388 1850 2439 mucronatis,

152 2446 296 2488 fructu
334 2445 541 2499 pedicello
572 2444 859 2487 subbreviore
895 2444 1283 2497 elliptico-lineari,
1318 2444 1587 2497 mericarpils
1616 2445 1848 2498 similibus,

146 2504 264 2559 Jugis
292 2505 493 2546 omnibus
519 2503 642 2545 alatis
665 2515 806 2557 usque
841 2503 893 2544 ad
922 2503 1042 2544 basin
1071 2503 1303 2556 pericarpii
1339 2503 1562 2556 productis
1594 2504 1849 2546 lateralibus

153 2563 332 2605 seminis
361 2563 485 2605 diam.
509 2562 738 2616 aequilatis,
763 2561 1009 2604 dorsalibus
1032 2562 1457 2614 suliangustioribus,
1477 2563 1641 2604 semine
1659 2563 1850 2616 pericar-

152 2621 223 2676 pio
247 2621 377 2676 duplo
398 2621 600 2664 breviore
638 2627 674 2669 26
688 2655 696 2663 .
721 2620 1014 2672 Mcliocarpzcs
1040 2619 1186 2662 alatus
1213 2620 1351 2662 Boiss.
1377 2621 1488 2662 Ann.
1510 2621 1574 2664 Sc.
1598 2620 1690 2663 Nat.
1721 2623 1850 2675 1844,

200 2754 299 2789 Hah.
316 2754 356 2789 in
371 2753 484 2799 Syria
498 2754 582 2789 loco
600 2764 679 2789 non
698 2755 832 2788 notato
848 2753 985 2798 (Auch.
1004 2751 1098 2788 3667
1111 2753 1147 2797 l).

200 2810 333 2845 Facies
354 2809 390 2845 C.
411 2810 641 2854 Anatoliccr,
673 2810 901 2855 mericarpia
923 2808 1010 2843 9-10
1035 2809 1160 2844 lineas
1188 2808 1319 2853 longa,
1352 2809 1402 2851 ab
1431 2812 1475 2844 ea
1499 2810 1606 2855 jugis
1625 2809 1850 2845 dorsalibus

153 2856 271 2902 alatis
289 2867 400 2892 secus
420 2860 542 2892 totum
564 2857 821 2903 pericarpium
848 2856 1043 2902 productis
1076 2856 1269 2898 distincta,
1300 2866 1321 2890 a
1351 2855 1387 2890 C.
1416 2855 1580 2892 cremati?
1608 2856 1848 2902 mericarpiis

151 2904 332 2950 isopteris
352 2907 388 2939 et
405 2904 478 2939 alis
498 2904 723 2939 dorsalibus
748 2903 954 2938 latioribus
979 2903 1109 2938 differt
1135 2903 1202 2938 sed
1220 2902 1384 2938 ulterius
1410 2904 1701 2939 observandum
1721 2907 1780 2939 est
1796 2914 1847 2938 an

152 2950 238 2987 haec
258 2952 352 2986 nota
371 2954 431 2987 sat
449 2954 630 2987 constans
648 2951 708 2986 sit.

1611 3013 1657 3050 60
