2085 3231
235 225 283 260 72
945 235 1224 264 LEGUMINOSAE.
1703 229 1938 277 Triqonella.

282 306 384 341 Hab.
407 306 447 341 in
467 306 587 342 aridis
610 307 828 352 montanis,
851 307 1038 343 Anatolia
1061 308 1101 343 in
1119 310 1253 344 monte
1277 308 1426 345 Cadmo
1457 309 1584 346 Cariae
1601 319 1723 357 supra
1747 309 1938 345 Denisleh

233 352 366 397 (Boiss
381 355 418 397 1),
450 353 588 389 Cilicia
618 353 802 389 littoralis
832 364 956 400 supra
976 354 1156 401 Sedichig
1174 356 1265 401 (Bal
1277 357 1314 402 l),
1344 357 1532 392 Armenia
1549 357 1721 402 Rossica,
1754 356 1883 392 Iberia
1900 359 1939 392 et

233 400 566 493 ῗὲἒῖὖὲἳωῖῧξ
587 400 741 447 (Szowl
766 401 908 437 Hohen
922 403 957 444 l),
987 403 1028 437 in
1061 402 1321 439 Turkestania
1340 403 1490 439 boreali
1513 403 1691 450 (Lehm!)
1710 404 1747 440 et
1773 402 1939 440 australi

280 510 416 546 Flores
432 510 455 546 3
472 511 611 554 lineas,
623 510 828 556 legumina
844 511 931 547 7-14
949 511 1073 547 lineas
1090 511 1211 558 longa
1227 513 1342 549 lineae
1361 514 1403 559 Ἀ
1422 513 1503 550 lata
1520 513 1610 561 plus
1627 514 1761 550 minus
1781 516 1937 551 arcuata

232 560 272 592 et
292 558 381 593 ideo
399 558 644 603 divergentia
662 558 724 593 vel
748 559 857 605 apice
875 560 1169 604 convergentia.

281 623 344 658 Ar.
378 622 512 677 ¹(i'reoqr.
548 622 754 668 Songaria,
775 622 918 659 Sibiria
950 622 1115 659 Altaica.
1142 624 1186 660 In
1220 624 1437 670 Abyssinia
1470 635 1519 660 ex
1556 624 1720 661 Linnaeo
1733 624 1802 661 sed
1827 624 1939 672 prob.

232 679 401 705 erronee.

297 793 361 834 13.
396 792 453 834 Τ.
493 792 734 835 Persica
760 791 919 846 (Boiss.
957 792 1109 845 Diagn.
1139 791 1231 834 Ser.
1260 791 1293 844 Ι,
1322 792 1361 845 2,
1395 805 1436 847 p.
1473 791 1549 846 22)
1582 792 1939 846 adpressiuscule

232 852 493 905 pubescens,
509 851 683 904 stipulis
707 851 1273 904 semisagittato-subulatis,
1294 850 1450 894 foliolis
1468 851 1616 905 parvis
1640 851 1933 905 obtriangula-

232 910 356 952 ribus
382 912 533 963 argute
557 909 744 953 dentatis
779 921 895 964 saepe
920 910 1107 962 retusis,
1141 910 1386 964 pedunculo
1412 910 1512 952 folio
1555 909 1688 964 duplo
1727 910 1936 964 longiore,

234 968 420 1012 floribus
448 970 521 1010 3-7
550 968 795 1019 ses'silibuS,
812 969 970 1023 calycis
994 969 1153 1011 corolla
1174 970 1198 1011 2
1226 969 1375 1023 ¹s2-plo
1401 969 1617 1011 brevioris
1650 969 1815 1012 laciniis
1850 969 1942 1012 lan-

232 1028 407 1070 ceolatis
433 1028 537 1071 tubo
570 1028 876 1081 brevioribus,
905 1027 1198 1081 leguminibus
1231 1028 1439 1081 adpresse
1471 1028 1813 1081 pubescentibus
1862 1029 1937 1070 vix

234 1087 498 1140 compressis
527 1087 913 1129 semicirculariter
939 1087 1134 1129 incurvis
1161 1087 1280 1141 apice
1307 1086 1729 1129 subconniventibus
1752 1091 1817 1138 Q).

280 1160 381 1196 Hal).
400 1161 439 1196 in
459 1161 703 1207 rupestribus
723 1160 867 1197 Persiae
885 1159 1073 1196 australis
1088 1160 1228 1205 (Auch.
1247 1170 1329 1196 exs.
1350 1159 1446 1196 3325
1470 1159 1558 1205 Bi),
1577 1159 1627 1196 ad
1652 1159 1788 1195 ruinas
1806 1160 1939 1196 Perse—

236 1207 340 1254 polis
358 1208 452 1254 (ΚΥ.
473 1219 558 1243 exs.
577 1208 694 1253 2401).

280 1271 422 1307 Planta
438 1272 502 1307 3-4
520 1272 728 1319 pollicaris,
746 1272 860 1307 flores
878 1271 1014 1317 magni
1031 1271 1053 1306 4
1067 1272 1107 1316 Ἀ
1126 1270 1253 1306 lineas
1271 1269 1381 1316 longi
1409 1271 1490 1317 qua
1506 1272 1601 1306 nota
1622 1281 1645 1306 a
1675 1269 1715 1306 T.
1734 1268 1879 1308 striata*
1897 1274 1938 1308 et

233 1318 749 1402 gigitligiilriisirlpligicrliffipellatis
783 1330 852 1355 nec
878 1319 1049 1355 breviter
1075 1318 1285 1354 racemosis
1310 1329 1332 1353 a
1356 1317 1398 1354 T.
1416 1315 1659 1354 aurantiacd
1686 1320 1723 1353 et
1752 1319 1936 1354 affinibus

365 1380 377 1401 t
407 1394 428 1411 ε,
489 1394 499 1401 ,7
525 1393 527 1397 f
611 1396 617 1401 .

298 1500 364 1541 14.
398 1499 455 1541 T.
494 1497 781 1541 astroites
804 1497 963 1552 (Fisch.
996 1501 1041 1545 ,et
1066 1496 1174 1550 Mey.
1202 1496 1293 1539 Ind.
1321 1496 1537 1550 IPetrop.
1568 1496 1701 1552 1835)
1727 1494 1936 1550 adpresse

232 1558 412 1609 hirtula,
436 1558 632 1600 caulibus
660 1557 866 1599 tenuibus
890 1556 1100 1598 brevibus
1127 1556 1282 1599 erectis
1323 1556 1394 1598 vel
1431 1555 1835 1609 procumbentibus.
1863 1556 1941 1599 sti-

235 1617 352 1672 pulis
386 1616 725 1669 semisagittatis,
754 1616 908 1658 foliolis
944 1615 1093 1668 parvis
1121 1615 1368 1657 nervulosis
1395 1614 1843 1657 cuneato-obcordatis
1871 1627 1941 1658 ar-

232 1679 336 1729 gute
375 1675 663 1719 denticulatis.
711 1675 955 1728 pedunculo
993 1674 1139 1717 folium
1168 1674 1465 1727 subaequanti,
1504 1673 1689 1716 floribus
1718 1675 1822 1716 6-12
1860 1673 1939 1716 mi-

234 1735 365 1778 nimis
392 1735 636 1785 sessilibus,
656 1734 811 1787 calycis
831 1733 989 1776 corolla
1012 1734 1141 1775 tertia
1160 1736 1281 1787 parte
1300 1733 1514 1776 brevioris
1534 1732 1700 1784 laciniis
1723 1732 1939 1776 subulatis

231 1795 339 1837 tubo
367 1794 738 1847 sublongioribus,
771 1792 1064 1847 leguminibus
1087 1792 1316 1846 puberulis
1348 1795 1533 1839 anmiste
1560 1791 1938 1835 lineari-subcom-

233 1853 405 1907 pressis
428 1853 566 1896 acutis
596 1853 727 1895 rectis
763 1852 914 1906 rigidis
948 1863 1000 1892 ex
1028 1851 1147 1905 apice
1177 1851 1413 1905 pedunculi
1442 1850 1647 1893 stellatim
1675 1854 1719 1894 et
1737 1851 1942 1894 horizon*

230 1912 379 1955 taliter
417 1912 666 1966 patentibus
701 1915 956 1953 transverse
993 1913 1037 1952 et
1072 1910 1213 1953 valide
1252 1910 1445 1963 rugosis,
1486 1911 1642 1952 sutura
1686 1910 1934 1953 seminisera

233 1974 353 2014 recta
379 1972 517 2014 altera
544 1971 800 2013 subsinuata
822 1975 885 2020 (D.
917 1969 959 2011 Τ.
986 1969 1168 2011 amnata
1188 1969 1328 2012 Boiss.
1353 1969 1503 2023 Diagn.
1531 1967 1623 2011 Ser.
1653 1969 1685 2021 I,
1704 1970 1746 2021 9,
1773 1981 1812 2024 p.
1842 1970 1907 2011 18.

282 2045 382 2080 Hab.
402 2046 442 2080 in
461 2044 630 2080 collibus
658 2044 918 2090 Cappadociae
936 2043 1121 2078 australis
1148 2053 1268 2089 prope
1302 2042 1512 2088 Bereketly
1545 2042 1635 2087 (Bal
1659 2044 1696 2088 l),
1727 2043 1852 2089 Syriae
1884 2043 1935 2079 ad

234 2092 390 2139 Aleppo
409 2094 446 2128 et
465 2092 762 2138 Mesopotamiae
781 2091 830 2126 ad
860 2091 1075 2126 11..Chabur
1101 2090 1327 2135 (Haussk!),
1345 2090 1564 2125 Antilibani
1585 2100 1706 2137 prope
1732 2089 1936 2136 Rascheya

234 2140 380 2184 (Boiss,
394 2141 430 2184 l),
449 2139 500 2174 ad
512 2138 635 2175 Gebel
648 2138 776 2173 Abiad
798 2138 940 2173 deserti
958 2138 1058 2173 inter
1076 2138 1205 2173 Hama
1222 2141 1258 2173 et
1274 2137 1502 2182 Palmyram
1520 2137 1642 2183 (Bm),
1662 2147 1771 2184 prov.
1788 2137 1934 2173 Trans-

235 2188 433 2223 caucasica
452 2185 666 2232 Karabagh
693 2187 868 2230 (Szowl').
887 2185 933 2220 Fl
952 2185 1043 2221 Mai.

236 2298 249 2333 l
280 2251 415 2286 Flores
434 2249 714 2297 sesquilineam
729 2249 850 2295 longi,
864 2249 1067 2295 legumina
1076 2248 1140 2284 8-9
1152 2248 1278 2284 lineas
1294 2247 1417 2295 longa
1430 2248 1576 2283 lineam
1587 2247 1792 2283 dimidiam
1810 2246 1931 2283 diam.

253 2301 330 2333 ata.

298 2420 361 2462 15.
390 2418 443 2461 T.
477 2417 786 2473 halophila
812 2417 972 2472 (Boiss.
994 2416 1146 2470 Diagn.
1167 2416 1260 2459 Ser.
1284 2415 1337 2466 II,
1362 2417 1402 2467 ὃ,
1419 2428 1460 2470 p.
1483 2413 1558 2469 78)
1577 2414 1787 2468 adpresse
1814 2413 1941 2463 hirta,

234 2478 432 2521 caulibus
454 2477 662 2520 tenuibus
690 2476 900 2518 brevibus
936 2476 1092 2518 erectis
1124 2475 1191 2517 vel
1221 2475 1406 2525 diffusis,
1432 2473 1607 2528 stipulis
1635 2472 1845 2514 brevibus
1874 2483 1942 2515 se-

235 2538 510 2591 misagittatis
564 2535 862 2585 subdentatis,
900 2534 1054 2577 foliolis
1096 2534 1245 2588 parvis
1286 2532 1737 2576 cuneato-obcordatis
1785 2530 1941 2574 obtuse

232 2597 525 2648 denticulatis,
571 2595 817 2648 peduncnlo
858 2594 1048 2636 filiformi
1085 2594 1185 2636 folio
1240 2593 1372 2647 duplo
1415 2591 1624 2645 longiore,
1651 2591 1837 2633 floribus
1864 2591 1937 2633 6-7

235 2656 398 2710 parvis,
424 2655 582 2709 calycis
603 2654 763 2696 corolla
790 2653 967 2696 dimidio
993 2652 1209 2695 brevioris
1236 2652 1441 2695 dentibus
1468 2650 1811 2703 triangularibus
1834 2649 1939 2692 tubo

236 2715 530 2766 brevioribus,
554 2713 845 2766 leguminibus
868 2712 1078 2766 adpresse
1116 2711 1243 2754 hirtis
1271 2710 1512 2753 linearibus
1551 2708 1814 2769 compressis
1840 2708 1940 2750 bre·

235 2774 365 2816 vibus
397 2772 598 2816 stellatim
633 2772 883 2826 patentibus
914 2771 1102 2813 arcuatis
1129 2774 1380 2813 transverse
1403 2768 1577 2821 rugosis
1600 2768 1793 2820 margine
1821 2769 1939 2810 exte-

235 2833 345 2875 riori
369 2834 484 2875 inter
504 2831 669 2874 semina
691 2830 863 2873 sinuato
889 2834 953 2881 Θ.
978 2830 1021 2872 Τ.
1041 2829 1223 2872 sinuata
1243 2841 1336 2871 var.
1351 2827 1655 2880 hracliycarpa
1672 2826 1813 2869 Boiss.
1836 2825 1939 2868 olim

238 2892 282 2934 in
305 2891 395 2934 Bal.
424 2903 515 2934 exs.

238 2966 387 3049 FlHgb.
419 2965 460 3000 in
494 2963 668 3001 arenosis
696 2963 903 2999 maritimis
937 2962 1083 2998 Ciliciae
1103 2962 1202 2997 inter
1219 2960 1392 2996 Mersina
1409 2962 1446 2996 et
1464 2959 1777 3007 Pompeiopolim
1797 2958 1936 3004 (Ball).

290 3041 296 3047 .
352 3024 408 3060 pr.
