1959 3221
125 201 202 237 872
826 212 1132 240 UMBELLIFERAE.
1571 205 1827 254 Pimpinella.

178 298 278 333 Hab.
300 298 341 334 in
359 299 558 333 montibus
577 297 700 334 Cretae
719 298 822 335 6000’
842 298 968 343 (Siebt
989 299 1131 336 Heldr!
1149 300 1299 346 Bauli).

192 364 229 408 δ.
262 363 505 417 polyclada.
530 390 587 395 —
612 363 883 407 Glaberrima
915 366 985 407 vel
1021 366 1165 408 caules
1205 366 1312 419 basi,
1345 366 1493 420 petioli
1523 369 1566 409 et
1590 378 1705 421 saepe
1730 380 1828 422 seg-

129 427 274 466 menta
292 424 435 476 patule
458 423 661 476 pilosula3
680 424 824 477 planta
842 423 1101 478 plerumque
1121 425 1258 478 maJ'or
1275 427 1319 467 et
1334 428 1438 467 tunc
1459 426 1602 468 caules
1624 427 1723 480 plus
1746 428 1827 469 mi-

130 494 215 524 nus
240 481 390 531 foliosi,
416 482 614 525 foliorum
650 486 871 535 segmenta
904 483 1064 537 saepius
1095 484 1346 537 majuscula.
1376 483 1476 525 Haec
1511 484 1648 527 forma
1675 498 1699 526 a
1719 488 1824 539 typo

129 539 384 584 indumento
401 542 546 594 patulo
564 542 633 584 vel
654 541 786 592 nullo,
810 554 887 584 nec
912 542 1103 584 velutino
1127 542 1247 584 brevi
1274 542 1569 596 distinguitur.
1599 568 1648 573 —
1675 543 1723 586 P.
1746 555 1824 596 po-

127 599 303 652 lyelada
324 602 366 641 et
392 599 440 641 P.
473 598 666 642 Sertorii
704 599 844 643 Boiss.
880 605 923 644 et
955 600 1104 643 Heldr.
1147 601 1297 655 Diagn.
1330 600 1423 644 Ser.
1451 602 1505 655 ΙΙ,
1533 603 1572 656 2,
1595 615 1636 656 p.
1667 604 1737 645 75.
1769 625 1826 634 —-

130 659 177 700 P.
199 658 354 701 Olenea
376 661 417 700 et
443 657 491 700 P.
514 659 785 701 Parnassica
810 659 944 702 Boiss.
967 663 1010 702 et
1035 658 1183 702 Heldr.
1211 659 1314 703 Mss.

178 731 278 767 Hab.
308 731 348 767 in
375 732 532 778 regione
562 733 755 778 sylvatica
781 735 819 768 et
848 733 983 780 alpina
1013 733 1186 779 Graeciae,
1215 743 1329 769 mons
1358 732 1502 770 Olenos
1528 728 1825 780 (Heldrr)‚!Pa1--

128 788 271 814 nessus
294 779 413 823 (Sartt
445 779 581 815 Heldr!
612 779 730 826 Orpb.
759 780 815 815 Fl.
847 781 911 816 Gr.
947 791 1029 816 exs.
1062 779 1181 825 3541),
1209 779 1404 827 Olympus
1429 781 1646 818 Thessalus
1663 781 1824 827 (Heldrl

124 824 238 872 ‘Orph
246 828 284 871 1),
302 826 528 862 Macedonia
553 827 592 862 in
622 830 753 863 monte
777 827 881 863 Atho
900 827 1071 875 (Orph!),
1088 827 1215 873 Lydia
1230 828 1271 864 in
1288 829 1420 864 monte
1437 827 1579 865 Tmolo
1597 840 1718 877 supra
1733 829 1826 865 Phi·

128 872 371 920 ladelphiam
389 874 566 918 (Boisst).

190 956 219 980 ε.
246 937 625 991 pseudotrayium.
676 963 728 968 -
784 939 1091 982 Indumentum
1138 939 1273 982 breve
1321 939 1563 993 crispulum
1604 941 1695 995 typi
1747 941 1826 984 sed

127 996 296 1038 fructus
339 997 517 1039 densius
545 1001 587 1038 et
614 997 783 1051 longius
810 998 1248 1052 tomentoso-hispidi,
1280 999 1413 1041 caulis
1443 999 1583 1042 elatus
1611 1000 1824 1043 crassius-

127 1055 270 1107 culus,
304 1055 506 1098 foliorum
546 1059 766 1109 segmenta
798 1070 949 1112 magna
984 1058 1169 1100 dentata.
1196 1083 1251 1089 -
1278 1057 1327 1100 P.
1362 1057 1723 1112 pseudotrayium
1746 1072 1825 1103 nc.

131 1114 285 1156 Prodr.
308 1114 379 1166 IV,
404 1128 444 1168 p.
477 1116 571 1157 122.

179 1188 276 1223 Hab.
297 1189 336 1224 in
356 1189 520 1235 rupibus
538 1190 719 1226 calam-eis
737 1201 844 1238 prov.
867 1191 1106 1238 AderbidJan
1124 1191 1265 1227 Persiae
1284 1192 1382 1228 circa
1395 1192 1624 1239 Seidkhodji
1642 1193 1823 1239 (Szowl),

130 1236 277 1271 montis
296 1236 397 1272 Gara
416 1236 680 1272 Kurdistaniae
698 1238 788 1284 (ΚΥ.
808 1249 886 1274 exs.
904 1239 988 1274 344!
1009 1239 1083 1274 sub
1101 1239 1146 1274 P.
1165 1235 1402 1286 pereyrz'nd).

192 1305 224 1351 ζ.
258 1301 495 1343 maritima,
532 1327 584 1331 —
613 1303 758 1345 Dcnse
784 1307 1040 1356 tomentosa,
1068 1305 1211 1347 caules
1236 1307 1280 1347 et
1303 1304 1413 1347 radii
1439 1304 1678 1347 abbreviati
1709 1317 1825 1348 cras-

126 1359 327 1413 siusculi,
375 1364 596 1414 segmenta
629 1363 880 1417 majuscula,
927 1363 1092 1406 fructus
1144 1363 1278 1406 dense
1322 1368 1365 1407 et
1408 1364 1554 1418 patule
1592 1364 1825 1407 tomentosi

127 1418 357 1472 majusculi
384 1420 556 1474 oblongi
584 1445 636 1451 —-
671 1422 717 1463 P.
746 1420 1028 1464 Pretenderis
1055 1422 1206 1477 (Orph.
1231 1423 1275 1465 in
1300 1423 1366 1466 litt
1379 1423 1423 1478 l).

130 1491 278 1573 MHab.
309 1494 350 1528 in
379 1493 544 1540 rupibus
574 1495 780 1531 maritimis
814 1496 955 1532 insulae
988 1496 1282 1543 Pholegandros
1315 1497 1531 1544 Cycladum
1565 1497 1736 1544 (Orphl).
1765 1497 1823 1533 Fl.

174 1549 221 1573 al.

187 1623 226 1651 η.
261 1603 565 1657 depauperata.
599 1631 648 1637 --
679 1607 877 1650 Breviter
900 1608 1157 1662 pubescens,
1185 1609 1328 1652 caules
1354 1612 1509 1652 tenues
1528 1609 1718 1652 subnudi
1736 1610 1824 1653 fere

125 1675 154 1704 a
185 1663 277 1705 basi
306 1664 440 1717 rigide
469 1668 510 1707 et
546 1665 813 1708 divancatinl
846 1668 1145 1720 famosissimi,
1181 1668 1278 1710 folia
1315 1668 1456 1710 omnia
1497 1668 1698 1710 radicalia
1732 1680 1827 1722 seg-

129 1723 288 1764 mentis
316 1723 463 1777 parvis
496 1728 645 1778 argute
678 1725 879 1775 dentatis,
905 1727 1105 1768 umbellae
1129 1727 1321 1769 breviter
1345 1728 1630 1780 3-4-radiatae‚
1657 1728 1825 1770 fructus

126 1783 490 1881 gvamI-eblongus
511 1783 769 1826 brevissime
788 1786 1079 1828 tomentellus.
1103 1810 1157 1815 —-
1174 1785 1222 1827 P.
1241 1785 1480 1828 triradz'ata
1506 1786 1643 1829 Boiss.
1672 1786 1825 1840 Diagn.

166 1852 225 1881 er.
273 1874 284 1893 ,
312 1843 377 1894 10,
404 1855 443 1895 p.
472 1843 539 1883 27.

178 1915 279 1951 Hab.
298 1917 337 1951 in
364 1918 529 1953 summis
550 1918 690 1953 Libani
717 1919 757 1953 in
787 1921 918 1955 monte
947 1919 1119 1955 Makmel
1145 1919 1294 1964 (Boissl
1313 1919 1392 1962 ΒΗ)
1417 1921 1454 1955 et
1475 1930 1593 1966 supra
1617 1919 1827 1967 Yamouny

125 1961 241 2007 (ΒΗ),
260 1963 359 1999 inter
377 1965 512 2000 Ainete
529 1968 566 2000 et
584 1966 677 2000 Deir
695 1965 729 2001 el
746 1966 917 2001 Achmar
934 1966 1060 2011 (Boiss
1072 1968 1108 2011 !).

176 2026 238 2063 Ar.
262 2028 391 2073 Geoqr.
420 2029 612 2075 Hispania
631 2030 897 2075 Granntensis,
920 2030 1112 2075 Baleares,
1132 2030 1261 2066 Africa
1278 2029 1459 2075 borealis,
1477 2030 1609 2066 Gallia
1627 2031 1825 2075 austrelis,

129 2072 244 2109 italia
262 2076 391 2111 media
409 2079 444 2110 et
463 2077 658 2121 australis,
676 2077 819 2123 Sicilia,
839 2078 1051 2124 Dalmatia,
1072 2078 1213 2114 Rossia
1231 2077 1426 2114 australis.

196 2229 262 2270 19.
295 2228 350 2270 Ρ.
389 2229 705 2284 Zagrosica
751 2230 898 2286 (Boiss
959 2235 1002 2274 et
1039 2231 1248 2287 Haussk.)
1291 2232 1500 2286 perennis
1548 2233 1824 2286 glaucescens

127 2286 387 2331 brevissime
419 2293 461 2330 et
497 2289 687 2343 crispule
719 2290 976 2343 pubescens.
1004 2291 1199 2333 caulibus
1232 2291 1386 2333 erectis
1414 2291 1538 2334 elatis
1573 2292 1820 2334 alternatim

130 2346 199 2387 vel
242 2348 480 2390 dichotome
506 2349 702 2400 ramosis,
747 2349 857 2391 foliis
901 2349 1180 2392 inferioribus
1226 2350 1350 2404 longe
1398 2350 1612 2403 petlelatis
1657 2351 1821 2393 ambitu

124 2404 325 2460 oblongis
343 2407 640 2460 pinnatisectIS
668 2408 876 2461 3-4-jt1gis
904 2409 1137 2461 segmentis
1162 2404 1451 2451 subcoriaceis
1469 2410 1664 2451 cuneatis
1688 2409 1827 2452 ovatis

123 2463 248 2517 apice
269 2466 468 2517 dentatis,
507 2467 617 2509 foliis
651 2466 954 2520 superloribus
982 2467 1294 2510 subsessilibus
1322 2468 1558 2521 segmentis
1583 2468 1824 2521 angustatis

125 2521 173 2564 in
206 2524 380 2566 lacinias
419 2525 613 2568 breviter
644 2526 899 2568 lanceolatas
937 2526 1211 2580 divergentes
1250 2527 1433 2580 partitis,
1468 2527 1667 2569 umbellae
1688 2527 1823 2569 radiis

132 2582 262 2625 15-20
287 2583 459 2626 demum
482 2585 726 2632 contractis,
760 2586 912 2638 petalis
940 2585 1081 2627 medio
1104 2585 1232 2628 dorso
1258 2585 1504 2640 hispidulis,
1530 2585 1672 2628 fructu
1695 2589 1821 2627 ovato

126 2640 266 2684 dense
303 2643 544 2685 canescenti
577 2645 833 2698 stylopodiis
872 2644 1155 2698 depressimis
1198 2645 1411 2699 stylisque
1448 2644 1587 2698 long1s
1615 2644 1825 2686 flexuosis

128 2704 340 2753 superato
373 2708 431 2750 26.

132 2773 360 2867 {HHab'kiS
396 2776 594 2811 montibus
626 2779 826 2812 Avroman
868 2780 906 2813 et
947 2776 1103 2813 Schahu
1145 2776 1289 2813 Persiae
1329 2776 1445 2812 occid.
1488 2776 1554 2811 alt.
1595 2775 1827 2812 5000’-7000'

194 2831 284 2855 auss
356 2851 361 2856 .

182 2883 413 2931 Tripedalis,
429 2890 630 2932 segmenta
641 2897 785 2933 magna
800 2887 839 2923 P.
865 2887 1005 2933 Trayz‘z'
1018 2899 1104 2924 var.
1125 2900 1149 2921 ε.
1168 2898 1190 2923 a
1208 2889 1286 2934 qua
1304 2887 1425 2922 radiis
1446 2887 1690 2932 longioribus
1705 2885 1829 2933 duplo

133 2932 483 3011 gutrnerosioribus,
512 2934 638 2970 fructu
666 2936 823 2981 maJore,
857 2935 997 2982 petalis
1027 2935 1143 2971 dorso
1173 2938 1326 2971 tantum
1360 2934 1572 2982 hispidulis
1594 2933 1748 2970 differre
1770 2933 1835 2969 vi-

165 2986 183 3011 e
203 2987 258 3012 ur.
