2065 3236
238 196 311 232 606
958 207 1239 233 LEGUMmosAE.
1725 199 1942 247 Lathyvus.

291 294 392 329 Hal).
410 295 451 329 in
477 293 592 329 cultis
610 294 758 330 Ciliciae
778 294 977 330 orientalis
1010 295 1060 330 ad
1086 295 1226 331 Messis
1250 295 1341 341 (Ky.
1360 295 1494 342 Suppl.
1512 296 1603 341 6211,
1623 295 1746 342 Syriae
1765 297 1813 333 ad
1830 298 1942 334 Sido-

242 351 332 376 nem
359 343 396 376 et
413 341 632 386 Berythum
651 341 749 386 (Kyl
769 341 836 376 Bll
856 342 1012 387 Gemi),
1030 342 1238 378 Palestinae
1262 343 1311 377 ad
1332 343 1479 378 Gazam
1503 343 1682 388 (Boissl),
1708 344 1939 389 Babyloniae

241 388 292 423 ad
310 388 584 423 Mohammera
601 389 750 433 (Noel),
777 389 918 424 Persiae
940 389 1126 424 australis
1144 389 1195 425 ad
1213 390 1312 425 Gere
1330 389 1421 435 (Ky.
1440 400 1517 425 exs.
1544 390 1612 425 221
1629 391 1670 435 !).
1687 390 1744 426 Fl.
1763 393 1853 437 Apr.

287 450 409 486 Valde
428 451 555 486 affinis
574 450 620 486 L.
642 451 795 495 Cz‘ceroe,
814 452 950 487 foliola
968 453 1113 498 saepius
1131 453 1290 497 latiora3
1310 452 1360 487 ab
1379 463 1423 488 eo
1441 452 1569 488 differt
1585 453 1815 499 pedunculis
1834 455 1940 491 elon-

241 498 356 542 gatis,
375 498 521 533 corolla
541 499 653 534 tertia
672 501 780 544 parte
798 500 944 544 majore
959 499 1085 534 colore
1100 500 1266 543 diverse,
1284 500 1483 544 legumine
1497 499 1748 546 polyspermo
1762 501 1938 547 longiore

238 545 568 591 (sesquipollieari
592 546 616 580 3
632 545 756 580 lineas
771 546 868 591 lato)
886 547 1062 591 margine
1081 547 1307 582 tricarinato
1325 557 1395 582 nec
1409 547 1525 583 alato.

304 703 369 744 14.
404 702 447 743 L
492 701 913 755 stenophyllus
940 701 1100 756 (Boiss.·
1128 703 1171 744 et
1195 701 1341 744 Heldr.
1370 702 1520 756 Diagn.
1541 702 1632 744 Ser.
1656 702 1688 752 I,
1715 704 1755 756 9,
1773 716 1813 756 p.
1837 704 1938 758 126)

240 761 402 813 glaber,
429 760 625 803 caulibus
666 760 914 802 numerosis
952 761 1228 803 filiformibus
1262 761 1702 814 angulato-subulatis
1741 768 1940 815 procum-

241 820 469 871 bentibus,
512 819 685 872 stipulis
733 819 1058 872 semisagittatis
1105 822 1286 873 anguste
1331 821 1576 862 lanceolatis
1618 821 1775 873 petiolo
1817 821 1940 863 brevi

238 879 494 932 {equilongis
516 879 582 919 vel
612 878 895 931 longioribus,
922 878 1080 920 foliolis
1108 879 1299 932 unijugis
1320 882 1502 932 anguste
1529 878 1767 922 linearibus
1786 879 1938 933 acutis,

240 937 501 991 pedunculis
525 937 726 979 unissoris
755 936 853 978 folio
880 937 1135 991 aequilongis
1162 938 1231 979 vel
1247 938 1513 990 longioribus
1527 949 1718 991 superne
1741 939 1941 981 articula-

239 996 310 1045 tis,
338 996 494 1049 calycis
512 996 678 1037 laciniis
694 995 941 1038 lanceolatis
958 996 1095 1038 acutis
1112 997 1216 1038 tubo
1235 996 1502 1050 aequflongIs,
1523 997 1683 1039 corolla
1697 1009 1939 1051 purpureo-

239 1055 427 1097 violaeea
452 1054 609 1096 vexillo
636 1054 880 1105 intensiorI,
907 1055 1124 1107 legumine
1141 1055 1289 1108 glabro
1307 1067 1556 1109 compresso
1576 1056 1729 1097 lineari
1747 1056 1939 1099 obsolete

240 1114 466 1156 reticulato
502 1115 773 1167 5-6-sper1no
809 1114 1001 1166 margine
1038 1114 1266 1167 superiore
1298 1115 1633 1157 convexiusculo
1671 1115 1938 1168 complanato

238 1172 504 1224 tricarinato,
533 1173 698 1214 semine
724 1172 820 1214 laevi
847 1171 1182 1226 subcompresso
1205 1172 1363 1215 ssavido
1387 1178 1452 1224 O.

284 1245 385 1280 Hah.
405 1245 444 1280 in
462 1245 630 1281 collibus
662 1245 835 1282 herbidis
868 1246 999 1281 Rhodi
1025 1245 1223 1291 (Bourgl),
1252 1246 1500 1292 Pamphyliae
1530 1247 1579 1282 ad
1606 1247 1933 1294 Alaya(Heldrl)‚

235 1291 360 1338 Syri-ze
381 1293 563 1328 littoralis
581 1293 631 1328 ad
653 1293 871 1339 Berythum
888 1295 925 1328 et
943 1293 1123 1339 Tripolin
1142 1293 1208 1338 (Bl
1219 1295 1258 1338 1).
1278 1293 1335 1328 Fi.
1354 1295 1445 1340 Apr.

284 1356 435 1392 Foliola
452 1356 540 1391 6-12
559 1356 625 1390 lin.
645 1356 764 1401 longa
785 1357 825 1400 Ἄ
842 1357 985 1392 1100010
1012 1357 1136 1392 rarius
1160 1357 1305 1392 lineam
1330 1357 1421 1401 lata,
1449 1358 1564 1393 flores
1583 1358 1745 1403 magnit.
1764 1357 1809 1393 L.
1831 1357 1934 1395 Cice-

234 1405 300 1448 ris,
319 1404 521 1449 legumina
543 1404 587 1439 15
604 1403 671 1438 lin.
686 1404 770 1439 circ.
789 1403 907 1449 longa
923 1404 1050 1446 31010,
1069 1404 1196 1448 stylus
1214 1405 1355 1450 longus
1375 1415 1515 1450 parum
1534 1408 1657 1440 tortus
1685 1406 1792 1451 apice
1822 1406 1936 1442 valde

235 1450 433 1486 dilatatus.
452 1450 590 1486 Differt
608 1461 632 1485 0
646 1450 692 1486 L.
713 1449 849 1487 Cicera
867 1453 904 1486 et
922 1462 1077 1487 amoeno
1101 1451 1246 1487 foliolis
1264 1453 1454 1497 angustis,
1472 1452 1600 1488 colore
1618 1453 1770 1497 florum,
1789 1453 1934 1499 calycis

236 1497 387 1534 laciniis
408 1498 672 1544 abbreviatis3
692 1498 809 1534 facies
827 1497 873 1534 L.
892 1498 1121 1546 leptophylli
1135 1499 1352 1534 seminibus
1372 1499 1626 1535 tuberculatis
1647 1499 1804 1535 diversi.

299 1655 363 1695 15.
399 1653 454 1695 L.
487 1657 896 1697 mar-moratus
929 1654 1089 1709 (Boiss.
1127 1660 1170 1697 et
1207 1655 1293 1710 Bl.)
1315 1655 1474 1709 glaber,
1502 1657 1696 1700 caulibus
1728 1658 1934 1702 tenuibus

235 1712 406 1754 diffusis
421 1715 603 1765 anguste
630 1713 766 1764 alatis,
795 1714 967 1767 stipulis
1004 1714 1329 1767 semisagittatis
1367 1715 1562 1768 oblongis
1593 1717 1661 1758 vel
1688 1717 1934 1761 lanceolatis

234 1771 392 1824 petiole
419 1772 675 1825 aequilongis
692 1806 701 1824 ,
729 1772 881 1815 foliolis
908 1773 1097 1827 unijugis
1125 1774 1623 1818 lanceolam-linearibus
1653 1777 1934 1830 mucronatis,

231 1830 491 1883 pedunculis
534 1830 733 1873 unissoris
773 1832 871 1875 folio
911 1832 1187 1875 brevioribus
1219 1833 1301 1875 sub
1328 1834 1448 1887 apice
1482 1834 1745 1887 articulatis,
1779 1835 1934 1889 calycis

232 1889 371 1941 glabri
393 1889 557 1932 laciniis
583 1889 687 1932 tubo
713 1890 844 1944 duplo
872 1891 1161 1944 longioribus,
1188 1893 1347 1934 corolla
1382 1893 1539 1946 pallide
1575 1893 1935 1948 roseo-violacea,

232 1947 449 2001 legumine
461 1960 710 2002 compresso
723 1950 872 2003 glabro
888 1950 1354 1993 lineari-subrliombeo
1367 1952 1559 1994 obsolete
1578 1953 1802 1995 reticulato
1821 1966 1935 1996 1001·-

230 2007 329 2059 gine
354 2008 571 2060 superiori
592 2009 869 2051 subconvexo
887 2008 1197 2062 angustissime
1216 2010 1370 2052 bialato
1389 2012 1675 2064 3-4-spermo,
1695 2012 1936 2055 seminibus

232 2066 413 2108 laevibus
437 2066 624 2119 globosis
653 2068 772 2110 fusco
794 2071 837 2110 et
859 2069 981 2122 nigro
1007 2070 1280 2115 marmoratis
1303 2069 1388 2111 hilo
1416 2073 1541 2113 ovato
1568 2075 1632 2121 Θ.

279 2141 380 2176 Hab.
399 2141 439 2176 in
458 2141 571 2177 cultis
591 2144 764 2178 arenosis
793 2143 917 2189 Syriae
945 2154 1064 2190 prope
1092 2143 1243 2190 Tripoli
1268 2143 1344 2188 (ssl.
1367 2155 1445 2179 exs.
1466 2144 1553 2179 1911
1579 2147 1617 2180 et
1635 2145 1773 2191 12081),
1794 2146 1935 2182 Libani

231 2198 352 2234 prope
379 2188 486 2242 Eden
513 2189 640 2235 (Reyg
654 2192 688 2233 1),
725 2190 867 2226 deserti
896 2191 947 2226 ad
981 2192 1183 2227 meridiem
1221 2191 1328 2227 urbis
1363 2192 1467 2227 Gaza
1504 2192 1634 2236 (Boiss
1647 2195 1683 2238 1),
1702 2193 1863 2240 AEgypti
1884 2194 1935 2230 ad

231 2234 512 2271 Alexandriam
529 2236 715 2282 (Cadeti).
735 2237 791 2273 Fl.
813 2237 928 2273 Mart.
950 2239 1042 2284 Apr.

276 2299 415 2334 Affinis
435 2298 478 2334 L.
496 2300 622 2336 sativo
640 2300 895 2346 distinguitur
912 2301 1090 2336 caulibus
1109 2303 1235 2347 magis
1262 2302 1442 2341 flaccidis.
1462 2302 1607 2338 foliolis
1627 2303 1846 2339 minoribus
1866 2315 1934 2340 an-

227 2346 479 2390 gustioribus,
498 2348 660 2382 floribus
679 2349 908 2393 minoribus7
932 2348 1131 2394 legumine
1159 2350 1376 2395 angustiori
1400 2349 1542 2385 lineari
1560 2350 1665 2394 (9-10
1681 2350 1748 2386 lin.
1767 2351 1886 2397 longo
1908 2351 1932 2388 3

227 2392 324 2438 lato)
344 2396 381 2428 et
395 2393 587 2440 imprimis
606 2395 823 2431 seminibus
842 2396 963 2441 duplo
982 2396 1200 2431 minoribus
1219 2397 1394 2442 globosis
1414 2398 1664 2433 marmoratis
1683 2408 1752 2434 nec
1770 2399 1934 2444 angula—

227 2440 599 2488 to-suhcompressis
625 2442 896 2478 concoloribus
920 2443 1088 2478 flavidis.

293 2597 357 2637 16.
392 2596 448 2638 L.
477 2597 711 2640 sativus
732 2598 798 2653 (L.
821 2598 891 2652 Sp.
923 2599 1051 2653 1030)
1069 2600 1228 2653 glaber,
1250 2600 1446 2643 caulibus
1473 2606 1655 2656 anguste
1680 2603 1804 2645 alatis
1828 2614 1930 2656 pro-

228 2654 532 2698 cumbentibus
558 2656 626 2697 vel
654 2657 976 2708 scandentibus,
1013 2659 1185 2712 stipulis
1221 2660 1542 2713 semisagittatis
1582 2662 1827 2704 lanceolatis
1858 2673 1932 2715 pe-

228 2713 330 2755 11010
358 2717 540 2766 anguste
567 2715 677 2757 alato
705 2717 1080 2768 subbrevioribus,
1098 2719 1251 2761 foliolis
1270 2719 1457 2773 unijugis
1483 2720 1930 2774 oblongo-lanceolatis

229 2773 296 2814 vel
321 2773 593 2826 lenceolatis,
619 2775 876 2828 pedunculis
919 2776 1118 2818 unissoris
1152 2777 1250 2819 solio
1290 2791 1444 2831 parum
1482 2778 1760 2822 brevioribus
1792 2791 1929 2833 prope

228 2830 393 2885 apicem
422 2832 677 2885 articulatis,
706 2835 860 2888 calycis
888 2835 1052 2877 laciniis
1090 2836 1336 2879 lanceolatis
1360 2838 1464 2880 tubo
1489 2838 1620 2892 duplo
1647 2838 1929 2892 longioribus,

228 2891 389 2933 corolla
417 2893 865 2936 roseo-coerulescenti
894 2894 960 2935 vel
987 2894 1158 2947 albida,
1192 2896 1409 2947 legumine
1439 2909 1688 2951 compresso
1725 2898 1930 2951 0111111100-

228 2949 412 3003 oblongo
448 2950 596 3003 glabro
637 2952 894 2994 tenuissime
926 2954 1152 2996 reticulato
1180 2954 1554 3009 subtetraspermo
1581 2957 1771 3009 margine
1800 2968 1930 3010 supe·-
