2045 3227
105 236 330 273 Potentilla.
853 244 1054 271 ROSACEAE.
1733 235 1806 272 707

106 319 236 372 duplo
268 317 532 370 longioribus
570 323 626 365 26.
661 317 779 372 Jacq.
819 317 972 359 Austr.
1019 317 1103 359 tab.
1142 317 1224 359 114
1254 339 1309 347 —-
1342 317 1390 358 P.
1417 316 1651 371 Benitzkyz'
1685 317 1802 360 Friv.

108 377 232 419 Flora
262 378 388 429 1836,
415 377 581 430 p.1437.

154 450 253 485 Hah.
281 450 320 485 in
345 450 589 495 rupestribus
617 449 728 484 siccis
754 449 975 495 subalpinis
1002 451 1039 483 et
1065 448 1219 494 alpinis,
1250 449 1427 484 Thraciae
1458 452 1612 485 montes
1643 449 1804 494 (Frivl),

110 496 232 543 Lydia
252 497 290 531 in
310 497 475 532 summis
496 497 665 542 Mesogis
684 499 721 531 et
738 496 878 536 Tmoli,
899 497 1021 531 forma
1041 497 1169 531 minor
1186 496 1362 540 (Boissl),
1387 498 1574 532 Armenia
1592 497 1753 533 Rossica
1770 499 1808 532 et

106 542 250 580 Pontus
271 544 429 579 Lazicus
448 544 608 587 (Tchihl
638 543 784 588 Bourgl
814 543 932 587 Ball),
961 543 1104 577 Tauria
1123 545 1159 578 et
1184 554 1292 589 prov.
1324 543 1651 579 Transcaucasica
1684 543 1806 579 Kara-

111 590 215 636 bagh
235 590 420 635 (Ledeb.),
441 590 639 626 Caucasus
658 590 858 625 orientalis
874 589 1101 625 ‹1000225000'
1122 590 1248 636 (Rupr
1258 592 1283 635 ).
1304 590 1358 624 Fl.
1378 590 1466 626 Jun.

154 656 214 691 Ar.
241 655 371 700 Geoqr.
399 655 556 700 Europa
573 656 653 689 tota
673 655 802 690 media
820 658 857 690 et
873 655 1071 700 australis,
1089 654 1244 701 Sibil-ia,
1264 655 1450 691 Dahuria.

171 802 235 843 13.
271 800 330 842 P.
365 799 635 853 calycina
662 799 822 854 (Boiss.
854 803 896 841 et
929 800 1016 841 Bal.
1048 799 1197 852 Diagn.
1228 800 1321 842 Ser.
1354 800 1407 851 Il,
1441 800 1490 853 V,
1515 814 1553 854 p.
1584 800 1660 854 94)
1682 801 1810 854 hirta,

110 859 368 903 multicaulis
391 859 588 901 caulibus
621 858 778 900 erectis
811 859 1017 900 tenuibus
1058 858 1296 900 dichotorne
1336 860 1520 901 ramosis
1559 859 1656 901 folia
1696 860 1810 901 radi-

109 919 213 961 calia
266 930 420 972 parum
469 918 799 972 superantibus,
844 917 954 959 foliis
997 918 1121 959 infer.
1166 914 1375 971 2-3-Jug'is
1424 930 1570 972 super.
1612 919 1811 972 ternatis,

112 977 263 1019 foliolis
288 977 426 1019 ovatis
453 977 725 1030 inaequaliter
750 975 1105 1028 inciso-serratis,
1134 976 1307 1030 stipulis
1345 977 1592 1021 bidentatis.
1630 977 1812 1019 floribus

109 1036 362 1078 nutantibus
389 1036 713 1089 campanulatiS.
745 1035 900 1088 calycis
925 1035 1089 1077 laciniis
1113 1039 1197 1077 ext.
1224 1035 1648 1078 lineari-lanceolatis
1679 1037 1814 1078 inter-

111 1095 177 1137 nis
217 1094 758 1147 oblongo-triangularibus
797 1095 930 1136 multo
968 1094 1216 1147 maj01·ibus,
1257 1096 1411 1148 petalis
1454 1096 1594 1148 calyce
1631 1095 1814 1137 subbre-

112 1142 304 1196 vi01⁹1bus
332 1153 576 1195 obcordatiS
599 1153 772 1194 tandem
799 1153 1225 1206 subpersistcntibus
1250 1154 1673 1207 purpurascentibus
1708 1161 1767 1201 26.

158 1227 258 1262 Hab.
280 1227 319 1261 in
339 1226 516 1262 dumosis
536 1226 743 1271 montanis,
762 1226 897 1261 Cilicia
915 1227 964 1261 ad
984 1237 1128 1272 pagum
1148 1227 1330 1273 Aladagli
1349 1238 1469 1274 supra
1486 1228 1659 1263 Mer-sina
1678 1227 1815 1273 (Ball),

108 1274 247 1309 Cilicia
266 1274 434 1309 Kurdica
452 1284 571 1320 prope
590 1274 785 1309 Gorumse
805 1273 894 1318 (Ky.
915 1284 993 1309 exs.
1012 1274 1104 1318 431).
1123 1274 1178 1309 Fl.
1199 1274 1288 1309 Mai.

158 1339 297 1375 Planta
314 1339 575 1385 semipedalis,
594 1338 804 1385 pedunculi
824 1338 1068 1382 brevissimi,
1088 1349 1109 1373 a
1134 1339 1368 1385 praecedenti
1403 1339 1566 1374 floribus
1592 1338 1811 1374 minoribus

113 1387 180 1421 vix
199 1386 341 1433 apertis
361 1388 396 1422 et
415 1387 632 1433 petalorum
651 1388 867 1421 erectorum
886 1386 1011 1421 forma
1030 1386 1171 1421 eximie
1190 1386 1374 1421 distincta
1393 1386 1497 1431 (Vid.
1521 1397 1555 1421 v.
1576 1386 1696 1430 cult).

732 1533 774 1575 -Ι-
827 1534 869 1575 4-
920 1532 1191 1578 Chrysanthae.

624 1615 678 1658 a.)
704 1614 847 1649 Caules
868 1614 1051 1660 prostrati
1071 1614 1298 1649 radicantes.

177 1706 240 1747 14.
275 1704 332 1746 Ρ.
364 1704 650 1747 anserina
674 1704 736 1759 (L.
765 1704 836 1758 Sp.
868 1704 971 1759 710)
997 1705 1193 1747 caulibus
1219 1704 1533 1757 flagelliforrnis
1561 1703 1817 1757 repentibus

111 1764 167 1805 ad
189 1763 383 1817 genicula
403 1763 709 1815 radicantibus,
733 1764 843 1806 foliis
880 1764 1124 1817 interrupte
1162 1763 1351 1816 pinnatis
1386 1763 1624 1816 multijtigis
1661 1762 1818 1805 subtus

118 1823 183 1864 vel
212 1823 416 1876 utrinque
443 1823 824 1876 argyreo-sericeis
848 1823 1005 1865 foliolis
1033 1823 1228 1873 oblongis
1250 1825 1402 1874 argute
1426 1822 1623 1871 serratis,
1645 1821 1819 1874 stipulis

112 1881 294 1924 caulinis
321 1880 625 1934 vaginantibus
660 1882 898 1932 multifidis,
923 1881 1106 1924 floribus
1141 1881 1183 1922 in
1218 1881 1427 1933 geniculis
1462 1880 1679 1934 syinpodii
1717 1880 1819 1922 soli-

117 1940 233 1982 tariis
261 1941 384 1992 longe
410 1941 725 1993 pedunculatis,
753 1941 910 1994 calycis
938 1941 1101 1983 laciniis
1135 1939 1330 1982 externis
1357 1940 1537 1992 integris
1566 1939 1634 1981 vel
1662 1939 1818 1981 incisis

115 1999 308 2040 internas
335 1999 688 2052 ovato-oblongas
713 2000 1085 2054 subaequantibus,
1116 1999 1267 2054 petalis
1289 1999 1484 2042 obovatis
1512 1999 1655 2052 calyce
1683 1998 1824 2052 duplo

118 2058 383 2110 longioribus
419 2064 480 2106 26.
512 2059 572 2100 Fl.
603 2059 710 2101 Dan.
739 2059 824 2101 tab.
859 2059 956 2100 744.

167 2130 266 2165 Hal).
286 2131 333 2165 all
353 2131 437 2166 vias
456 2134 493 2167 et
511 2132 615 2214 ripas
634 2142 820 2168 arenosas
838 2131 978 2167 Libani
993 2131 1043 2167 ad
1061 2130 1270 2175 Yamouny
1286 2131 1396 2176 (Bm,
1416 2142 1526 2178 prov.
1543 2131 1607 2167 Cis
1623 2134 1660 2167 et
1678 2132 1829 2166 Trans-

115 2178 409 2259 ·‹ffaiicasitcarum
427 2178 546 2223 (Lede
588 2180 616 2224 ),
634 2180 778 2215 Persiae
796 2180 876 2215 bor.
895 2179 1039 2224 (Egel).
1066 2178 1328 2214 Probabiliter
1345 2179 1386 2213 in
1404 2179 1556 2214 Graecia
1576 2182 1613 2214 et
1631 2178 1829 2215 Anatolia.

207 2235 259 2260 aes
281 2254 286 2259 .

172 2289 230 2325 Ar>
254 2290 386 2335 Geoqr.
414 2290 580 2338 Europa,
600 2292 743 2327 Sibiria
761 2292 901 2336 omnis,
918 2291 1084 2336 Tibetia,
1104 2292 1283 2326 America
1301 2290 1484 2326 borealis.

442 2454 492 2499 b.)
519 2454 662 2490 Caules
679 2453 838 2489 floriferi
855 2453 1082 2489 terminales
1100 2453 1214 2498 (Axis
1233 2453 1518 2497 determinata).

189 2545 252 2585 15.
285 2543 343 2586 Ρ.
369 2543 602 2587 bifurca
626 2543 694 2599 [L.
718 2543 789 2597 Sp.
817 2543 923 2598 711)
949 2543 1159 2596 adpressc
1179 2543 1328 2597 pilosa,
1348 2542 1492 2584 radice
1513 2542 1708 2583 stolones
1734 2541 1835 2583 sub-

123 2606 348 2645 terraneos
374 2604 523 2655 longos
552 2603 687 2644 duros
705 2603 866 2654 edenti,
883 2602 1080 2644 caulibus
1099 2602 1436 2644 ascendentibus
1458 2601 1635 2654 pumilis
1657 2600 1836 2652 foliosis,

127 2661 238 2704 foliis
267 2662 476 2715 3-7-Jugis
499 2661 656 2704 foliolis
681 2660 876 2714 oblongis
902 2660 1084 2714 integris
1112 2662 1179 2702 vel
1208 2661 1418 2711 2-3-fitlis,
1445 2659 1617 2712 stipulis
1641 2659 1837 2712 oblongis

129 2719 306 2773 integris
343 2721 411 2762 vel
449 2720 699 2772 subincisis,
741 2720 898 2773 calycis
950 2719 1115 2761 laciniis
1163 2719 1507 2772 ovato-oblongis
1554 2717 1837 2760 acutiusculis

129 2779 494 2880 ffblaeqtssiloggis}
519 2779 673 2879 petalis
712 2778 908 2821 obovatis
949 2779 1137 2831 calycem
1175 2778 1487 2833 superantibus
1527 2782 1584 2824 26.
1615 2777 1669 2819 Ic.
1701 2776 1837 2817 Gnicl.

172 2870 179 2878 .
230 2871 239 2889 ,
285 2850 349 2879 a).
437 2872 446 2891 ,
486 2851 539 2891 ig.
601 2871 607 2877 .

175 2909 274 2945 Hab.
291 2911 329 2946 in
348 2912 457 2946 siccis
476 2911 629 2957 apricis,
649 2912 832 2947 Armenia
857 2912 1021 2947 Tui-oica
1046 2911 1095 2946 ad
1128 2911 1313 2946 Erzernni
1333 2911 1474 2955 (Aucli.
1500 2921 1578 2945 exs.
1599 2910 1741 2953 44941),
1757 2910 1838 2945 Gu-

132 2957 371 2992 muschkane
391 2958 584 3003 (Tabim),
604 2958 773 2994 Baibout
791 2958 992 3004 (Bourg!],
1021 2969 1129 3004 prov.
1150 2958 1216 2993 Cis
1236 2960 1272 2993 et
1287 2958 1626 2993 Transcmwnsicw
1646 2957 1838 3001 sladen),

132 3002 397 3049 Daghestania
414 3005 455 3040 in
474 3005 665 3052 lapidosis
680 3005 908 3042 3000·-3600’
933 3006 1075 3052 (Ruprl
1097 3005 1238 3040 Hohen
1251 3008 1287 3050 Γ),
1307 3016 1416 3051 prov.
1436 3004 1609 3040 Talusch
1635 3005 1786 3048 (Bulise
1799 3005 1841 3048 l),
