2015 3227
192 176 474 225 Theeoearpus.
884 189 1190 216 UMBELLIFERAE.
1814 184 1886 221 955

191 259 522 309 7·15-1·adiatis,
558 259 772 302 involucri
800 260 957 314 phyllis
984 261 1198 303 subulatis
1215 262 1488 305 brevissimis
1514 264 1580 306 vel
1600 264 1745 315 nullis,
1764 264 1886 307 invo-

189 319 331 360 lucelli
353 317 830 367 lanceolato-subulatis
857 319 1080 370 brevibus,
1103 319 1349 363 umbellulae
1368 323 1549 366 floribus
1573 323 1884 375 margiiialibus

186 377 390 419 masculis
427 376 696 430 pedicellatis
730 379 993 420 centralibus
1015 378 1259 431 sessilibus‚
1293 381 1505 424 fructibus
1532 383 1649 435 apice
1674 383 1884 424 truncatis

187 435 456 489 pentagonis,
482 436 739 489 stylopodiis
768 436 891 478 duris
918 437 1296 490 elongato-conicis
1328 445 1386 486 ¹36.

234 508 333 544 Hab.
356 509 395 544 in
414 509 548 544 Persia
566 509 731 545 australi
750 512 787 545 et
800 521 921 557 prope
942 511 1110 558 Ispahan
1130 512 1268 556 (Auch.
1287 512 1403 548 4549!
1423 516 1458 549 et
1476 513 1614 559 45521).

232 572 525 620 Sesquipedalis
538 574 566 615 ‘?,
585 573 680 608 folia
703 572 1055 618 Grammosciadz'i,
1075 575 1285 621 pedunculi
1300 576 1457 611 demum
1477 578 1597 613 crassi
1613 579 1791 623 angulati
1805 579 1884 614 4-5-

185 619 403 667 pollicareS,
430 620 530 654 radii
548 619 733 655 fructiferi
752 621 976 667 pollicareS,
1000 622 1229 658 umbellulze
1248 623 1453 659 fructifera}
1471 626 1556 670 piso
1575 625 1695 671 duplo
1716 626 1884 670 majores

185 677 206 703 e
231 667 420 703 fructibus
448 666 513 701 3-4
541 667 732 703 concretis
761 670 1001 713 constantes,
1033 669 1179 704 fructus
1200 670 1724 717 cylindrico-subpentagoni
1746 665 1821 708 tres
1840 673 1885 708 li-

185 725 277 796 geas
307 714 417 758 longi
440 714 556 749 diam.
584 713 866 760 sesquilineam
895 715 983 760 lati,
1007 716 1267 763 pericarpium
1286 719 1401 753 etiam
1423 718 1464 753 in
1481 719 1576 754 facie
1594 720 1886 756 commissurali

214 772 339 797 urum.

717 935 967 983 OENANTHE
1002 936 1065 995 (L.
1099 936 1198 983 Gen.
1231 936 1348 998 352).

246 1051 413 1108 Calycis
439 1053 593 1095 dentes
630 1053 757 1095 acuti.
796 1052 944 1094 Petala
981 1051 1163 1094 obovata
1189 1053 1454 1106 emarginata
1480 1067 1576 1097 cum
1605 1055 1791 1097 lacinula
1824 1058 1885 1098 in-

186 1113 310 1156 flexa.
345 1111 646 1166 Stylopodium
680 1112 888 1154 conicum.
926 1111 1112 1154 Fructus
1149 1115 1266 1154 teres
1302 1112 1514 1166 oblongus
1537 1114 1786 1156 turbinatus
1814 1117 1882 1158 vel

183 1172 451 1226 cylindricus
477 1170 602 1224 stylis
630 1171 788 1213 erectis
815 1173 1063 1212 coronatus.
1092 1170 1347 1225 Mericarpia
1366 1172 1483 1225 jugis
1501 1172 1693 1226 quinquo
1713 1174 1883 1216 obtusis

183 1230 436 1273 lateralibus
472 1230 540 1272 vel
580 1229 784 1272 omnibus
821 1229 1321 1272 suberoso-incrassatiS.
1368 1231 1596 1273 Valleculae
1631 1233 1881 1275 univiltatae.

185 1289 342 1332 Semen
362 1290 466 1332 facie
490 1289 690 1331 interiori
716 1289 907 1342 planum.
932 1287 1257 1342 Carpophorum
1286 1289 1468 1332 nullum.
1498 1315 1552 1319 ——
1576 1291 1731 1332 llerbze
1758 1292 1884 1345 uligi-

183 1361 303 1391 nosae
319 1349 388 1391 vel
406 1348 625 1403 aquaticae,
650 1348 824 1401 glabrae,
843 1347 954 1389 foliis
973 1347 1292 1401 decompositis,
1314 1348 1498 1391 floribus
1518 1350 1755 1403 polygamis
1774 1350 1883 1393 albis

185 1419 300 1461 saepe
322 1407 607 1450 radiantibus.
639 1405 816 1461 Species
842 1406 1060 1449 nonnullae
1084 1406 1232 1448 forsan
1260 1407 1388 1449 nimis
1407 1409 1555 1450 affines
1572 1412 1674 1450 sunt
1693 1413 1822 1462 alque
1839 1410 1885 1451 in

184 1466 288 1509 locis
317 1467 533 1510 natalibus
573 1465 896 1508 observandum
941 1478 992 1507 an
1033 1468 1146 1507 notae
1176 1478 1199 1507 a
1226 1465 1363 1508 forma
1391 1467 1598 1508 fibrarum
1631 1468 1883 1509 radicalium

183 1525 452 1579 depromptae
475 1528 541 1569 sat
565 1527 814 1567 constantes
842 1525 942 1566 sint.

357 1698 478 1742 SEcr.
507 1700 538 1742 I.
571 1699 858 1742 EUOENANTHE.
884 1699 1014 1741 Koch.
1044 1698 1146 1752 Syn.
1174 1724 1225 1729 ---
1260 1699 1400 1741 Hadia:
1416 1699 1701 1751 fasciculam„

647 1807 667 1824 *
718 1807 955 1843 Umbellulae
974 1816 1110 1843 omnes
1129 1805 1412 1853 pedunculatae.

359 1881 402 1922 -l-
452 1878 639 1915 Pedicelli
655 1879 843 1915 fructiferi
861 1889 940 1914 non
958 1878 1170 1923 incrassati,
1192 1878 1339 1913 fructus
1358 1877 1444 1913 basi
1463 1880 1696 1913 attenuatus.

243 1968 278 2009 1.
312 1967 391 2010 OE.
423 1967 703 2012 fistulosa
736 1967 798 2016 (L.
826 1966 897 2021 Sp.
927 1967 1032 2019 365)
1055 1966 1213 2009 radicis
1241 1966 1364 2008 fibris
1390 1966 1703 2020 napiformibus
1732 1967 1885 2010 oblon-

178 2026 243 2080 gis
262 2027 329 2069 vel
348 2027 636 2080 filiformibus‚
660 2027 781 2069 caule
803 2027 999 2069 fistuloso
1018 2026 1111 2067 basi
1129 2026 1381 2068 stolonifero
1397 2026 1449 2067 ad
1471 2026 1606 2067 nodos
1634 2027 1879 2080 constricto,

178 2085 291 2128 foliis
321 2086 646 2139 homomorphis
673 2085 874 2128 omnibus
919 2086 1116 2128 fistulose
1160 2085 1378 2139 petiolatis
1417 2086 1440 2126 2
1468 2089 1509 2127 et
1537 2086 1879 2138 l-piunatisectis

179 2144 483 2198 superioribus
527 2145 804 2195 abbreviatis,
848 2145 1083 2198 segmentis
1124 2144 1565 2195 oblongo-linearibus
1606 2145 1784 2196 integris
1808 2145 1878 2186 vel

176 2203 352 2252 trifidis,
379 2204 580 2246 umbellae
599 2203 840 2246 terminalis
864 2203 1019 2245 fertilis
1048 2203 1180 2245 radiis
1204 2203 1346 2244 tribus
1371 2203 1581 2245 fistulosis
1614 2203 1786 2244 domum
1814 2204 1879 2245 in-

178 2262 409 2314 crassatis,
446 2263 649 2305 umbellis
682 2262 934 2305 lateralibus
971 2262 1209 2313 sterilibus,
1234 2261 1417 2303 floribus
1446 2262 1569 2303 valde
1594 2262 1879 2314 radiantibus,

178 2321 425 2364 umbellulis
452 2321 687 2365 fructiferis
707 2321 912 2374 globosis,
931 2321 1073 2363 fructu
1091 2321 1311 2363 turbinato
1331 2321 1456 2373 stylis
1476 2320 1761 2362 subbrevioro
1783 2321 1876 2362 basi

176 2383 397 2422 attenuato
432 2386 490 2428 26.
519 2380 642 2434 Engl.
668 2381 757 2423 bot.
787 2380 871 2422 tab.
903 2381 1001 2422 363.
1029 2403 1081 2410 -—-
1106 2379 1237 2421 Rchb.
1261 2378 1405 2420 Germ.
1430 2379 1516 2420 tab.
1551 2381 1674 2421 1898.

224 2452 326 2488 Hah.
357 2453 398 2488 in
425 2453 542 2489 fossis
570 2455 607 2489 et
635 2453 785 2498 fluviis,
817 2453 985 2488 Arcadia
1008 2454 1046 2488 et
1064 2451 1233 2487 Laconia
1260 2453 1326 2496 (ex
1345 2451 1399 2486 Fl,
1420 2451 1582 2497 Pelop.)
1611 2452 1792 2496 Byzantii
1813 2454 1878 2496 (ex

175 2498 312 2545 Sibth.‚
332 2500 553 2546 Wiedeml),
572 2500 701 2536 littore
721 2501 839 2535 maris
859 2500 992 2546 Caspii
1012 2500 1061 2535 ad
1079 2499 1286 2534 Leukoran
1305 2500 1371 2543 (ex
1390 2499 1562 2543 ‹:.A.M.).
1583 2499 1637 2534 Fl.
1659 2503 1739 2533 afst.

176 2609 202 2646 b
221 2563 437 2645 AulGeoqr.
465 2563 623 2611 Europa
649 2564 777 2599 omnis
805 2564 855 2599 ab
883 2562 1028 2607 Anglia
1052 2563 1090 2596 et
1115 2561 1253 2596 Suecia
1280 2561 1443 2596 australi
1463 2561 1514 2596 all
1535 2560 1726 2604 Rossimn,
1747 2561 1876 2596 Africa

207 2620 297 2646 orea
314 2621 357 2646 1s.

237 2758 277 2799 2.
314 2758 393 2800 OE.
427 2758 765 2802 Lachenalii
791 2757 948 2813 (Gmel.
984 2757 1092 2800 Bud.
1131 2757 1163 2809 I,
1195 2770 1234 2811 p.
1264 2757 1370 2810 678)
1397 2757 1552 2798 radicis
1583 2756 1702 2797 {ibris
1726 2769 1876 2798 carno-

177 2818 237 2860 sis
282 2817 490 2869 elongatis
534 2818 809 2860 liliformibns
855 2818 925 2859 vel
971 2816 1381 2869 elongato-clavatIs,
1428 2817 1548 2857 caule
1589 2815 1877 2857 snluistuloso

177 2877 342 2926 striato,
402 2877 513 2918 foliis
570 2876 1003 2930 subheteromorphis
1064 2876 1187 2917 infer.
1246 2874 1587 2928 bipinnatiseclis
1636 2874 1872 2921 sustinentis

176 2934 591 2989 oblongo-cuneatis,
619 2935 922 2988 superioribus
949 2934 1138 2988 pinnatis
1154 2934 1320 2976 laciniis
1345 2932 1583 2975 linearibus
1601 2933 1751 2983 aculis,
1780 2945 1875 2973 um-
