2015 3227
162 178 352 216 Zozimza.
851 190 1156 217 UMBELLmEnAE.
1757 179 1852 216 1039

160 259 451 302 insidentibus
487 264 668 313 anguste
701 260 939 304 linearibus
966 261 1262 316 pinnatisectis
1295 261 1411 316 jugis
1437 262 1510 303 2-3
1533 261 1726 314 remotis,
1757 273 1852 314 seg-

161 319 319 361 mentis
346 318 535 361 minimis
561 319 895 362 suborbiculatis
921 320 965 362 in
991 320 1165 362 lacinias
1188 320 1468 362 brevissimas
1492 323 1694 363 cuneatas
1720 321 1853 374 parti-

162 377 232 429 tis,
267 376 467 419 umbellis
508 377 645 430 rigide
683 378 974 429 2-4-radiatis‚
1016 379 1166 432 petalis
1204 378 1408 421 velutinis
1440 391 1524 420 non
1565 378 1850 431 radiantibus,

159 435 309 477 ovario
331 435 537 477 velutino.
560 436 726 478 fructu.
746 467 756 476 .
777 467 787 477 .
805 465 814 474 .
834 443 893 484 26.

208 507 308 543 Hab.
326 508 367 543 in
386 509 627 554 rupestribus
645 510 790 545 montis
809 510 1024 545 Kuhdae'na
1042 509 1185 545 Pe151ae
1203 509 1385 545 australis
1413 510 1462 545 ad
1491 511 1636 546 fontem
1660 510 1849 546 Tchesme

158 554 366 637 giashfiKy.
394 564 463 590 exs
503 555 618 601 7331),
645 557 685 592 in
715 558 847 592 monte
878 556 967 592 Kuh
1002 557 1085 592 Nur
1117 556 1367 602 Elymaitidis
1387 557 1454 592 alt.
1474 557 1599 593 13000’
1627 557 1848 603 (Hausskl).

205 663 460 710 Semipedalis
478 667 516 700 et
535 665 696 711 pedalis,
716 666 814 701 rami
831 666 948 711 rigidi
965 666 1123 701 tandem
1151 666 1244 701 subs
1227 666 1498 712 spinescentes,
1522 670 1721 711 segmenta
1738 667 1848 702 folio-

157 719 246 745 rum
265 712 416 746 minora
433 711 487 747 eis
504 704 757 766 praecedentis
781 724 802 748 a
821 715 898 759 qua
915 713 1044 748 diss'ert
1063 712 1253 748 involucii
1298 712 1420 758 hyllis
1439 713 1650 748 linearibus
1670 714 1847 749 minutis-

156 757 274 839 {iifflss
285 768 354 793 nec
375 758 602 794 lanceolatis
634 759 809 805 margine
834 759 1154 795 membranaceis.
1175 760 1290 805 peta
1282 770 1313 794 is
1343 760 1578 795 tomentellis
1596 770 1675 795 non
1694 761 1847 796 radian-

671 992 976 1040 nERAcmum
1003 992 1061 1054 (L.
1090 992 1188 1041 Gen.
1217 992 1334 1054 345).

215 1116 348 1171 Calyx
383 1116 795 1170 quinquedentatus.
834 1118 978 1160 Petala
1013 1117 1195 1160 obovata
1228 1117 1490 1169 emarginata
1531 1129 1626 1159 cum
1664 1117 1849 1159 lacinula

153 1175 336 1228 inflexa,
371 1176 588 1219 exteriora
611 1188 724 1230 saepe
746 1176 956 1218 radiantia
983 1176 1126 1218 bifida.
1166 1175 1353 1216 Fructus
1376 1187 1399 1216 a
1426 1175 1554 1217 dorso
1590 1175 1851 1228 plano—com-

154 1247 336 1288 pressus
363 1235 555 1287 margine
590 1235 763 1277 dilatato
799 1235 1064 1288 complanato
1096 1234 1274 1276 cinctus.
1303 1233 1553 1287 Mericarpia
1573 1234 1688 1287 jugis
1714 1235 1852 1276 tenui-

158 1293 253 1346 bus,
286 1293 430 1335 tribus
452 1292 721 1336 intermediis
745 1293 1136 1347 aequidistantil)uS‚
1163 1292 1331 1338 duobus
1353 1292 1602 1334 lateralibus
1621 1293 1851 1346 conspicue

154 1351 334 1395 remotis
357 1351 541 1404 margini
562 1353 737 1395 dilatato
764 1352 990 1405 contiguis.
1022 1351 1251 1393 Valleculae
1276 1350 1532 1403 univittatee²
1565 1351 1684 1392 vittis
1720 1351 1851 1406 valle—

154 1411 350 1453 cularum
377 1410 539 1463 saepius
570 1411 832 1453 abbreviatis
858 1415 900 1453 et
925 1411 1102 1453 clavatis
1126 1411 1269 1452 rarius
1293 1408 1578 1452 filiformibus.
1602 1432 1662 1440 —
1693 1409 1849 1451 Herbae

155 1468 421 1512 lii-triennes
446 1470 516 1511 vel
544 1481 759 1525 perennes
781 1470 942 1523 saepius
965 1480 1156 1523 procerae
1182 1469 1326 1511 rarius
1349 1468 1546 1519 humiles3
1567 1466 1733 1522 petiolis
1756 1468 1850 1509 basi

160 1528 202 1570 in
236 1529 412 1581 vaginas
451 1528 659 1582 dilatatis,
692 1528 874 1571 floribus
902 1540 1015 1582 saepe
1041 1527 1292 1581 polygamis.
1326 1525 1603 1569 Characteres
1640 1539 1661 1568 a
1697 1525 1850 1580 petalis

155 1586 427 1629 radiantibus
454 1590 529 1630 aut
549 1587 810 1642 aequalibus,
830 1600 853 1629 a
878 1587 1082 1629 vittarum
1113 1585 1504 1628 commissuralium
1525 1585 1755 1639 praesentia
1775 1586 1849 1626 aut

154 1645 349 1687 absentia
389 1646 443 1687 ad
478 1647 689 1689 sectiones
729 1645 1057 1699 distinguendas
1091 1656 1174 1687 non
1214 1644 1443 1686 sufficiunt.
1474 1644 1522 1685 In
1557 1643 1847 1697 diagnosibus‚

157 1715 256 1745 oum
280 1716 367 1746 non
389 1705 512 1747 aliter
534 1705 762 1757 indicatur,
788 1704 886 1747 folia
913 1704 1113 1746 radicalia
1136 1706 1179 1745 et
1193 1703 1396 1745 inferiora
1423 1702 1645 1756 descripsi.

582 1885 833 1939 Specierum
860 1883 1149 1927 Orientalium
1176 1882 1418 1935 dispositio.

372 2014 493 2057 SEcr.
525 2014 554 2055 Ι.
584 2014 914 2057 EUHERACLEUM.
939 2037 992 2045 -
1029 2012 1273 2056 Umbellaloe
1299 2011 1625 2054 itzwvolzccellatoe.

686 2120 705 2137 *
732 2121 847 2156 Vittae
866 2119 1182 2156 commissurales
1200 2120 1315 2154 binae.

599 2202 641 2244 -ξ-
671 2199 781 2234 Folia
796 2198 1001 2246 simplicia,
1019 2199 1152 2234 lobata
1169 2198 1232 2233 vel
1251 2198 1401 2244 partita.

709 2276 765 2323 a.)
787 2276 902 2312 Vittae
923 2276 1098 2312 dorsales
1116 2275 1287 2311 clavatae.

155 2359 196 2395 H
221 2358 458 2404 palmatum,
474 2358 664 2404 villosum,
680 2358 967 2406 cyeloearpum,
991 2357 1238 2405 Orphanz'dis.

668 2440 718 2486 b.)
745 2440 858 2475 Vittae
885 2438 1329 2474 filiformi-subclavataae.

154 2520 201 2556 H.
225 2520 510 2568 lasiopetalum.

780 2603 822 2643 4-
852 2602 893 2642 -4-
921 2599 1031 2634 Folia
1052 2599 1218 2633 trisecta.

710 2678 766 2726 a.)
797 2678 907 2713 Vittae
927 2678 1102 2714 dorsales
1125 2677 1296 2712 clavatae.

153 2760 201 2796 II.
227 2759 516 2808 platytcem'um,
542 2759 860 2808 spachiphyllzmz.

671 2839 722 2886 b.)
751 2840 863 2874 Vittae
882 2837 1326 2874 filifornii-subclavata‘.

154 2922 201 2957 H.
217 2921 418 2968 jayatum,
435 2921 699 2958 umbonatmn.
