1980 3246
123 223 172 260 32
822 228 1098 256 LEGUMINOSAE.
1501 205 1823 266 Aryyrolobz'um.

172 302 274 338 Hah.
289 303 329 337 in
342 302 510 337 collibus
523 300 703 336 cretaceis
715 299 839 346 Syriae
853 299 1022 335 borealis
1033 299 1083 335 ad
1096 298 1244 334 Aintab
1257 297 1396 344 (Auch.
1411 307 1490 333 exs.
1505 296 1825 342 10821Haussk1)‚

126 351 226 385 inter
246 350 399 396 Aleppo
424 351 461 384 et
478 348 569 383 Orfa
587 348 675 394 (Ky.
699 358 777 382 exs.
796 353 838 382 n⁰
855 348 878 382 7
890 349 924 389 ἱ),
950 347 992 381 in
1008 346 1128 382 latere
1146 345 1328 381 orientali
1345 344 1488 380 Libani
1504 343 1605 380 inter
1622 344 1762 380 Ainete
1786 346 1825 380 et

126 397 221 432 Deir
234 396 272 431 el
289 397 459 432 Achmar
477 395 607 440 (Boiss
619 396 657 439 ἵ),
686 394 727 429 in
751 394 981 430 Antilibano
1011 392 1218 428 ad'Ouadi
1243 392 1419 427 Barrada
1445 390 1613 436 (Boissl)
1641 392 1677 426 et
1702 401 1824 438 prope

126 443 299 480 Zebdani
316 443 395 489 (Ky
407 445 443 488 ἱ),
461 443 501 478 in
519 443 716 477 Hermone
734 451 855 488 supra
871 440 999 476 Kalaa
1020 440 1189 485 DJendal
1207 438 1381 487 (Gailll).
1399 436 1457 473 Fi.
1475 438 1563 473 Jun.
1584 437 1660 474 Jul.

173 505 290 559 Rami
304 505 499 541 interdum
518 504 681 559 pedales⁸
692 505 839 558 saepius
855 503 920 539 3-4
935 503 1155 550 pollicares,
1172 498 1316 556 racemi
1339 500 1509 537 laxiflori
1527 500 1590 536 1-4
1602 499 1824 547 pollicares,

127 553 240 588 flores
259 563 314 588 eis
340 552 388 588 A.
405 552 572 599 calyczm
589 550 752 586 dlmldlo
770 551 954 596 minores,
972 550 1153 596 legumen
1171 550 1234 585 7-9
1250 549 1376 588 lineas
1392 548 1558 593 longum
1574 548 1598 583 2
1614 547 1751 583 latum.

188 699 225 740 2.
253 697 314 739 A.
342 694 676 749 calycinum
690 692 816 748 (ΜΒ.
837 692 965 734 Taur.
986 691 1110 735 Cauc.
1139 692 1204 745 11,
1220 705 1259 746 p.
1281 693 1363 735 166
1386 694 1469 736 sub
1494 693 1659 749 Cytiso)
1683 693 1823 736 viride

126 757 272 812 patule
308 756 548 805 hirsutum,
583 753 814 799 diffusum,
848 751 1004 793 foliolis
1043 751 1336 794 conformibus
1356 752 1494 795 ovatis
1516 752 1587 794 vel
1612 752 1823 806 obovatis,

128 816 308 859 floribus
336 815 380 856 in
402 824 596 854 racemos
618 811 867 853 terminales
892 810 1049 852 breves
1079 809 1415 853 umbelliformes
1447 811 1708 854 2-10-floros
1736 813 1825 853 ter-

127 874 308 917 minales
336 871 581 926 dispositis,
609 870 765 923 calycis
798 869 908 911 labio
937 868 1165 922 superiore
1197 868 1400 923 bipartito
1427 869 1632 912 inferiore
1654 870 1708 912 ad
1733 881 1823 912 me-

129 934 247 976 dium
283 930 428 974 trifido
461 929 612 972 lacinia
637 928 778 970 media
803 927 933 981 triplo
960 927 1235 981 angustiore,
1263 928 1421 971 corolla
1457 929 1610 970 citrina
1636 928 1826 983 calycem

128 988 380 1041 excedente,
408 987 698 1042 leguminibus
734 987 860 1029 hirtis
890 986 1128 1030 linearibus
1161 986 1409 1030 subfalcatis
1444 987 1759 1041 6-10-spermis
1786 992 1823 1036 5.

129 1049 384 1093 TriChasma
419 1046 666 1100 ealgscimcm
700 1046 842 1099 Walp.
880 1069 935 1075 ——
975 1043 1150 1098 cytisus
1185 1044 1458 1098 pazcce‘florus
1494 1049 1538 1088 et
1575 1046 1616 1089 C.
1644 1045 1825 1088 lotoidcs

127 1108 273 1151 Willd.
296 1107 367 1161 Sp.
396 1119 435 1161 p.
462 1107 599 1157 1126,
625 1107 667 1147 et
691 1105 820 1146 herb!
1207 1104 1208 1108 ’

174 1181 276 1216 Hah.
293 1181 333 1215 in
351 1179 535 1225 virgultis
553 1178 751 1224 Bithyniae
770 1178 945 1223 (PestaD,
963 1176 1103 1223 Mysiae
1125 1177 1266 1222 (Urv.),
1284 1177 1399 1213 Ponti
1420 1177 1468 1213 ad
1486 1177 1771 1224 Trapezuntem
1788 1180 1827 1216 et

127 1229 246 1264 Rhize
272 1228 381 1273 (Urv.
402 1227 522 1271 balli,
549 1226 717 1261 Galatiae
744 1225 918 1268 (wind),
942 1226 979 1260 et
997 1225 1037 1260 in
1061 1225 1261 1260 montibus
1278 1235 1397 1272 prope
1422 1226 1620 1270 Ancyram
1644 1225 1827 1271 (Wiedl),

127 1275 282 1311 Tauriae
302 1273 452 1317 (Stev.),
475 1273 641 1308 Caucasi
667 1275 704 1308 et
723 1282 828 1319 prov.
849 1272 1265 1316 Transcaucasicarum
1284 1272 1351 1315 (M.
1364 1272 1409 1307 Β.
1430 1272 1532 1308 Hoh.
1550 1271 1710 1318 Szowl)‚
1735 1272 1826 1308 Per-

127 1323 195 1358 siae
214 1323 294 1358 bor.
315 1324 380 1367 (ex
397 1320 561 1364 willa).
582 1321 684 1355 Flor.
702 1320 790 1355 Jun.

175 1386 230 1421 Cl.
246 1385 451 1430 Bourgeau
470 1384 564 1429 legit
582 1384 682 1419 circa
695 1384 983 1430 Trapezuntem
1002 1383 1167 1418 formam
1182 1381 1328 1418 foliolis
1343 1382 1649 1418 suborbiculatis
1664 1382 1829 1429 obtusis,

127 1433 270 1479 calycis
288 1432 441 1467 lacinfis
460 1431 708 1467 brevioribus
725 1430 1006 1466 obtusioribus.

175 1497 240 1533 Ar.
262 1497 396 1541 Geoqr.
418 1495 625 1530 Dalmatia.

177 1594 261 1630 Obs.
280 1591 655 1639 Ανῃ.1ῖ1’νιηζραῃωη
674 1591 800 1637 Walp.
814 1605 858 1623 z
875 1590 1022 1637 Cytz'sus
1040 1593 1249 1636 arqenteus
1265 1589 1305 1624 L.
1321 1590 1361 1624 in
1378 1588 1648 1636 Peloponneso
1662 1599 1709 1625 ex
1722 1588 1828 1635 Bory

128 1643 166 1677 et
182 1640 332 1676 Chaub.
351 1639 448 1686 Exp.
467 1639 566 1674 Mor.
584 1639 660 1674 fide
677 1637 873 1674 schedulae
892 1637 1089 1673 mendacis
1109 1637 1267 1673 erronee
1286 1637 1491 1673 indicatur.

644 1740 662 1757 *
711 1741 845 1776 Flores
863 1740 927 1776 vel
947 1739 1089 1775 racemi
1110 1738 1376 1786 oppositifolii.

191 1867 228 1907 3.
257 1865 320 1908 A.
356 1863 684 1907 uniflorum
720 1863 939 1918 (Decaisn.
966 1861 1079 1904 Flor.
1118 1860 1272 1904 Sinaic.
1299 1873 1340 1914 p.
1371 1858 1421 1902 41
1454 1859 1536 1903 sub
1568 1858 1733 1914 Cytiso)
1760 1872 1830 1902 ar·-

129 1924 519 1978 genteo-sericeum
541 1922 889 1965 ramosissimum
910 1921 1043 1963 ramis
1069 1919 1218 1974 rigidis
1242 1919 1451 1962 brevibus
1478 1918 1652 1973 patulis,
1671 1918 1828 1961 foliolis

130 1984 424 2026 conformibus
451 1982 645 2035 oblongis
672 1984 715 2023 et
734 1978 1174 2034 oblongo-linearibus
1198 1979 1348 2031 acutis,
1375 1978 1559 2021 floribus
1579 1978 1726 2031 parvis
1753 1990 1828 2031 op—

132 2043 374 2097 positifoliis
400 2041 606 2083 solitariis
630 2040 888 2083 brevissime
915 2039 1192 2094 peclicellatis,
1219 2038 1376 2092 calycis
1406 2039 1497 2079 sere
1534 2038 1586 2079 ad
1614 2036 1739 2079 basin
1766 2036 1829 2078 bi-

132 2101 280 2155 partiti
305 2101 417 2143 labio
443 2101 670 2154 superiore
696 2099 749 2141 ad
776 2099 949 2141 tertiam
976 2101 1144 2151 partem
1185 2097 1316 2139 bifido
1336 2096 1542 2139 inferiore
1570 2096 1624 2139 ad
1656 2095 1830 2138 tertiam

133 2163 300 2214 partem
323 2160 467 2202 trifido
492 2159 644 2201 lacinia
671 2157 929 2200 intermedia
954 2156 1170 2209 breviore,
1197 2156 1356 2199 corolla
1379 2156 1567 2209 calycem
1599 2155 1674 2197 vix
1699 2165 1830 2209 supe-

131 2220 258 2271 ranti,
287 2219 577 2273 leguminibus
599 2217 775 2260 sericeis
803 2218 986 2270 anguste
1006 2215 1244 2257 linearibus
1275 2216 1379 2257 6-10
1407 2215 1594 2268 spermis
1622 2220 1658 2262 5.

178 2293 278 2328 Hab.
298 2293 338 2327 in
355 2291 518 2327 desertis
537 2290 732 2326 Sinaiticis
744 2289 868 2334 (Bove
882 2291 918 2333 l),
936 2289 976 2324 in
994 2289 1142 2324 deserto
1159 2288 1209 2323 ad
1223 2287 1426 2323 meridiem
1436 2287 1646 2323 Palestinae
1656 2286 1789 2332 (Boiss
1801 2287 1829 2332 l)

131 2341 171 2376 in
191 2339 304 2386 Syria
321 2339 550 2375 Libanotica
569 2339 633 2383 [ex
652 2337 780 2373 sched.
798 2336 949 2381 Auen).
971 2333 1027 2371 Fl.
1046 2336 1157 2371 Mart.
1183 2336 1274 2382 Apr.

178 2403 291 2485 Rarlni
309 2402 373 2456 335
390 2402 607 2449 pollicares,
624 2401 808 2447 legumen
825 2400 1010 2448 pollicare
1028 2399 1175 2435 lineam
1192 2398 1337 2444 latum,
1358 2398 1473 2434 flores
1490 2397 1645 2433 minimi
1667 2397 1690 2432 2
1709 2397 1750 2442 ¹s2
1782 2395 1829 2431 li-

133 2460 226 2486 neas
260 2460 364 2495 ongi.

179 2515 242 2549 Ar.
264 2511 394 2559 Geoqr.
413 2513 592 2559 Regnum
611 2512 874 2557 Tunetanum,
890 2510 1049 2557 Algeria
1066 2510 1237 2546 interior.

193 2637 232 2678 4.
280 2636 340 2679 A.
390 2635 862 2690 stenophyllum,
889 2633 1099 2688 adpresse
1122 2633 1336 2675 sericeum
1375 2631 1510 2674 ramis
1552 2631 1832 2674 filiformibus

133 2696 306 2748 erectis,
327 2695 482 2738 foliolis
506 2697 688 2747 anguste
707 2693 945 2735 linearibus
968 2692 1126 2746 petiolo
1148 2690 1429 2745 longioribus,
1448 2690 1631 2732 racemis
1658 2690 1830 2744 opposi-

134 2754 281 2797 tifoliis
301 2753 606 2808 pedunculatis
636 2753 854 2795 laxissime
878 2752 952 2793 2-li
972 2751 1092 2793 floris
1118 2763 1288 2793 ramum
1317 2749 1614 2803 aequantibus,
1643 2748 1828 2792 floribus

134 2813 314 2856 minutis
342 2814 535 2856 breviter
554 2812 836 2866 pedicellatis,
855 2810 1011 2865 calycis
1030 2811 1122 2853 fere
1144 2809 1198 2852 ad
1216 2809 1338 2851 basin
1361 2808 1554 2862 bipartiti
1571 2808 1681 2850 labio
1701 2819 1830 2862 supe-

135 2872 251 2914 riore
275 2872 329 2913 ad
356 2872 546 2914 medium
572 2873 663 2913 fere
684 2871 816 2913 bifido
838 2869 1046 2912 inferiore
1067 2869 1119 2911 ad
1141 2868 1331 2911 medium
1349 2867 1496 2909 trifido
1519 2867 1672 2909 lacinia
1694 2867 1828 2909 inter-

136 2931 278 2973 media
306 2930 481 2973 dimidio
508 2930 772 2984 angustiore,
812 2929 971 2971 corolla
999 2928 1185 2982 calycem
1212 2927 1283 2969 vix
1313 2926 1574 2979 excedente,
1598 2925 1827 2980 legumini-

137 2990 221 3032 bus
241 2989 451 3043 adpresse
473 2989 720 3043 strigulosis
737 2987 977 3030 linearibus
996 2988 1069 3029 5-6
1094 2986 1280 3041 spermis
1313 2992 1349 3034 26
1363 3019 1371 3027 .
