2015 3227
119 201 300 250 Freyera.
810 211 1115 240 UMBELLIFERAE.
1734 209 1805 247 895

196 349 424 397 FREYERA
453 347 597 410 (Rclib.
632 347 929 408 Pllanzensyst.
958 349 1058 398 291.
1092 379 1150 384 —
1182 350 1474 399 Biasolettia
1498 353 1605 402 Koch
1633 355 1725 415 Syn.

728 421 758 475 l,
787 419 872 467 318
900 434 977 468 non
1009 422 1194 484 Bcrtol.).

175 543 340 597 Calycis
364 555 509 596 margo
535 544 759 595 angustus.
800 543 945 584 petala
975 544 1153 586 obovata
1189 546 1449 598 emarginata
1489 560 1584 590 cum
1623 549 1805 593 lacinula

117 603 285 645 inflexa.
311 602 498 644 Fructus
525 615 547 643 a
575 602 709 643 latere
734 613 1011 654 compressus
1039 603 1418 655 oblongo-linearis
1454 606 1684 649 linearisve
1709 609 1806 650 niti-

115 662 197 704 dus
221 662 343 715 niger
370 660 451 703 sub
477 661 592 702 lente
618 659 1089 714 celluloso-punctatus.
1132 662 1384 716 Mericarpia
1422 666 1507 705 tota
1541 665 1804 718 longitudine

116 721 230 762 inter
246 721 348 774 juga
374 719 573 772 angulata
598 719 665 760 vel
690 719 972 761 costaet'ormia
996 721 1169 762 sulcata.
1206 721 1331 762 Vittae
1355 722 1571 765 obsoletae.
1609 725 1806 778 Stylopo-

115 779 185 820 dia
214 780 357 821 conica
383 777 429 819 in
457 778 593 831 stylos
617 777 777 831 saepius
804 781 943 820 rectos
969 782 1199 821 attenuata.
1229 779 1444 822 Albumen
1475 782 1579 824 facIe
1611 785 1807 825 commis-

115 838 250 880 surali
275 837 652 880 concaviusculum
678 836 744 878 vel
772 837 892 879 sulco
917 850 1069 890 parum
1094 838 1309 891 profundo
1327 843 1598 882 excavatum.
1626 866 1676 871 —
1696 842 1804 884 Her-

119 896 180 938 bae
222 897 365 938 radice
410 895 825 949 tuberoso-globosa,
872 896 1094 938 involucro
1143 897 1276 948 nullo,
1323 897 1505 941 floribus
1533 899 1654 951 albis,
1704 901 1808 944 facie

117 953 256 996 Bana
293 956 359 997 vel
412 953 662 1006 Conopodii.
700 977 755 984 —
797 953 945 996 Genus
985 954 1098 996 inter
1139 954 1389 997 Ammincas
1423 961 1465 999 et
1491 957 1801 1001 Seandieetneas

115 1016 344 1056 transitum
370 1013 579 1067 praebens,
607 1026 629 1054 a
654 1012 874 1066 prioribus
900 1013 1116 1055 albumine
1143 1013 1259 1055 intus
1300 1014 1396 1068 plus
1436 1016 1577 1058 mInus
1614 1030 1803 1060 convexo

113 1072 380 1118 distinctum,
425 1084 448 1113 a
492 1070 737 1123 Conopodio
771 1072 913 1114 fructu
951 1072 1112 1114 sulcato
1143 1074 1184 1113 et
1220 1073 1337 1115 vitt1s
1376 1073 1592 1127 obsoletis,
1629 1076 1681 1117 ab
1719 1077 1808 1118 An-

114 1130 280 1174 thrisco
303 1130 569 1184 mericarpiis
593 1132 682 1172 tota
707 1130 973 1183 longitudine
999 1143 1076 1173 nec
1103 1131 1155 1173 ad
1184 1135 1376 1174 rostrum
1412 1135 1575 1176 tantum
1616 1136 1807 1187 sulcatis,

110 1189 334 1233 albumine
356 1202 441 1232 non
467 1189 680 1243 profunde
708 1190 871 1232 sulcato
899 1189 1167 1232 distinctum.

181 1351 213 1390 1.
249 1348 304 1390 Γ.
331 1345 715 1403 cynapioides
755 1347 901 1401 (Guss.
947 1347 1000 1401 pl,
1045 1360 1129 1390 rar.
1175 1361 1214 1402 p.
1258 1350 1350 1401 127,
1382 1350 1465 1390 tab.
1494 1351 1548 1391 24
1576 1352 1657 1393 sub
1685 1350 1806 1404 Myr-

115 1407 260 1463 rhide)
294 1408 348 1450 ad
390 1407 565 1460 vaginas
593 1407 780 1449 ciliatula
820 1410 861 1448 et
898 1407 950 1448 ad
979 1407 1101 1449 basin
1124 1408 1257 1450 caulis
1281 1419 1395 1462 s‘cepe
1419 1409 1575 1451 liirtula
1603 1414 1806 1452 czeterum

112 1466 272 1520 glabra,
295 1465 437 1508 radice
458 1467 597 1515 ovata,
625 1466 745 1508 caule
769 1470 912 1509 erecto
934 1478 1124 1520 superne
1145 1478 1327 1512 ramoso,
1349 1468 1463 1509 foliis
1487 1469 1648 1510 ambitu
1674 1470 1806 1510 trian-

109 1525 334 1579 gularibus
376 1524 732 1578 tripinnatisectis
775 1525 1008 1577 segmentis
1053 1526 1189 1567 ovatis
1231 1525 1493 1579 petiolulatis
1544 1527 1586 1568 in
1634 1528 1806 1569 lacinias

113 1583 492 1637 lineari-oblongas
515 1583 671 1625 breves
694 1587 841 1626 acutas
861 1584 1126 1626 scabridulas
1146 1585 1290 1633 sectis,
1309 1584 1508 1627 foliorum
1530 1587 1808 1638 superiorum

114 1642 280 1686 laciniis
308 1642 635 1697 angustioribus
672 1642 1036 1696 sublongioribus,
1080 1644 1276 1685 [imbellis
1304 1644 1425 1696 longe
1466 1645 1808 1695 loia-radians,

114 1702 540 1760 involucellipliyllis
564 1702 906 1755 ovato-oblongis
929 1703 1196 1755 acuminatis,
1233 1702 1449 1756 pedicellis
1483 1703 1644 1745 strictis
1668 1704 1810 1746 fructu

114 1762 247 1804 nitido
274 1762 423 1803 lineari
445 1764 567 1803 acuto
594 1761 788 1814 elongato
818 1761 1031 1815 profunde
1065 1761 1228 1804 sulcato
1266 1760 1640 1812 subbrevioribus,
1679 1762 1811 1814 stylo·

115 1820 253 1874 podiis
276 1820 647 1872 conico-elongatis
683 1820 808 1874 stylis
849 1821 978 1874 duplo
1017 1821 1291 1863 brevioribus
1320 1821 1537 1874 superatis
1575 1827 1635 1868 26.
1663 1821 1706 1862 F.
1739 1832 1810 1871 cy-

116 1879 341 1932 napioides
377 1878 545 1922 Griseb.
574 1878 684 1933 Spic.
719 1879 751 1931 Ι,
784 1892 825 1933 p.
854 1881 950 1922 366.
978 1904 1030 1910 -
1056 1879 1310 1922 Biasolettia
1335 1878 1535 1921 tuberosus
1560 1880 1675 1921 Koch
1704 1879 1805 1936 Syn.

114 1937 145 1988 Ι,
173 1951 213 1992 p.
243 1940 340 1982 318.
371 1963 423 1968 —
448 1937 577 1992 Frey.
604 1938 808 1981 taberosa
832 1939 962 1980 Rchb.
992 1938 1045 1981 Ic.
1070 1937 1216 1981 Germ.
1242 1939 1327 1980 tab.
1354 1940 1479 1980 2014.

162 2014 320 2097 Habdin
339 2013 495 2060 regione
509 2014 683 2050 inferiori
697 2014 841 2050 montis
853 2014 997 2050 Peklen
1017 2014 1196 2049 Albaniae
1215 2012 1382 2049 borealis
1400 2012 1596 2057 (Grisel).].
1611 2012 1642 2047 E
1656 2013 1801 2047 ditione

117 2071 197 2097 non
214 2072 255 2097 Vl
284 2072 307 2097 1.

164 2124 297 2160 Caulis
315 2124 335 2159 1
357 2124 623 2170 ²!2-2-pedalis,
646 2124 739 2160 folia
759 2124 1048 2167 subtriternata,
1069 2124 1214 2159 fructus
1233 2123 1254 2157 2
1277 2123 1361 2166 ’βπ-3
1379 2122 1501 2157 lineas
1524 2122 1642 2167 longi,
1663 2122 1809 2167 calycis

113 2170 261 2254 gmlgu?
276 2171 582 2254 Ignarginiformis
603 2182 673 2206 nec
697 2174 758 2216 <ut
775 2172 815 2206 in
834 2172 942 2208 icone
960 2172 1216 2207 Gussoneana
1244 2170 1344 2205 falso
1371 2169 1593 2213 exhibetur)
1618 2170 1812 2215 quinque-

146 2229 192 2254 en
214 2229 237 2254 a
257 2230 279 2253 u
307 2247 312 2253 .

160 2282 220 2317 Ar.
239 2282 372 2328 Geoqr.
401 2282 554 2318 Montes
572 2282 696 2317 Italiae
713 2280 907 2326 australis,
929 2281 1152 2316 Dalmatiae.

174 2440 213 2481 2.
247 2438 301 2480 P.
330 2438 689 2481 Parnassica
715 2437 878 2494 (Boiss.
917 2439 959 2478 et
1001 2435 1149 2478 Heldr.
1180 2436 1326 2487 Diagn.
1365 2434 1457 2477 Ser.
1485 2433 1538 2483 ΙΙ,
1567 2434 1606 2476 02.
1636 2447 1673 2486 p.
1710 2434 1808 2488 109.)

110 2497 420 2551 glabriuscula,
459 2496 602 2539 radice
640 2497 828 2551 globosa,
863 2496 984 2538 caule
1010 2495 1135 2537 tereti
1165 2506 1352 2547 superne
1376 2505 1560 2543 ramoso,
1588 2492 1699 2533 foliis
1724 2504 1811 2532 am-

114 2555 206 2598 bitu
232 2555 570 2609 triangularibus
599 2554 941 2610 bipinnatisectis
965 2554 1199 2606 segmentis
1221 2553 1358 2594 ovatis
1382 2553 1422 2594 in
1452 2552 1625 2593 lacinias
1652 2551 1807 2591 breves

114 2614 299 2656 lineares
329 2618 599 2657 mucronatas
626 2615 908 2657 decurrentes
936 2612 1118 2667 partitis,
1158 2612 1423 2654 caulinorum
1454 2609 1616 2652 laciniis
1646 2609 1807 2650 tenuis-

114 2673 250 2725 simis,
277 2673 473 2715 umbellis
498 2674 619 2727 longe
645 2673 932 2722 3·7·radiatis,
967 2671 1212 2714 involucelli
1245 2670 1402 2723 phyllis
1432 2669 1576 2723 paucis
1604 2667 1808 2708 lanceola-

116 2732 173 2774 tis
198 2731 466 2783 acuminatis,
503 2733 724 2786 pedicellis
767 2729 1231 2785 patenti-subincurvis
1263 2741 1346 2770 non
1384 2726 1631 2770 incrassatis
1667 2727 1811 2767 fructu

113 2791 471 2843 oblongo-lineari
498 2791 679 2834 incurvo
699 2791 823 2833 valde
848 2790 1012 2832 sulcato
1045 2788 1310 2843 aequilongiS‚
1351 2785 1603 2840 stylopodiis
1642 2784 1807 2826 conice-

114 2849 323 2902 elongatis
347 2850 391 2891 in
413 2850 549 2903 stylos
579 2850 736 2892 breves
760 2848 1019 2891 abeuntibus
1057 2854 1114 2895 26.

163 2924 264 2960 Hab.
283 2925 322 2960 in
341 2925 497 2970 regione
516 2925 648 2972 alpina
667 2925 850 2961 Parnassi
869 2924 1009 2968 (Heldr
1022 2926 1058 2968 l),
1077 2924 1116 2958 in
1136 2923 1290 2969 regione
1308 2922 1477 2957 abietina
1498 2921 1639 2956 montis
1660 2921 1810 2955 Parnes

115 2971 253 3007 Atticae
273 2972 431 3016 (Heldrl
453 2972 571 3018 Orph.
591 2972 641 3007 F!.
656 2972 721 3008 Gr.
741 2983 820 3008 exs.
837 2971 955 3017 3781).
975 2970 1030 3006 Fl.
1052 2970 1142 3006 Mai.
