2019 3257
150 203 349 242 Paliurus.
896 207 1117 234 RHAMNEAE.
1806 196 1851 231 11

214 321 249 362 1.
278 318 332 362 C.
358 315 779 371 Seneqalensis
797 314 934 370 (Lam.
955 314 1064 355 Dict.
1083 313 1116 366 Ι,
1133 326 1173 367 p.
1187 313 1292 367 661)
1307 312 1457 366 glaber
1472 312 1753 365 glaucescens
1772 323 1852 352 sae-

152 379 250 434 pius
262 377 466 431 spinosus
487 375 624 429 spinis
648 374 799 427 rigidis
814 373 926 415 infra
948 373 1113 426 apicem
1130 384 1246 426 saepe
1270 371 1488 423 floriferis,
1508 371 1621 412 soliis
1645 371 1851 412 coriaceis

151 434 556 488 obovato-ellipticis
570 433 740 476 obtusis
757 433 801 475 in
816 431 1024 486 petiolum
1043 431 1352 473 brevissimum
1369 430 1604 472 attenuatis
1620 429 1852 471 serrulatis

152 493 384 539 crenulatis
417 493 562 535 rarius
589 491 869 545 subintegris,
895 490 1032 543 cymis
1054 490 1310 532 axillaribus
1337 490 1432 531 laxe
1466 488 1722 530 dichotomis
1754 487 1851 530 folia

152 565 266 608 saepe
297 551 634 606 superantibus.
658 550 806 593 ovario
839 549 931 591 basi
964 549 1080 591 intra
1106 548 1273 591 discum
1295 549 1502 590 immerso
1530 548 1572 588 bi
1605 547 1750 589 rarius
1776 548 1852 588 tri—

151 611 343 663 loculari‚
382 611 560 664 capsula
600 610 783 652 obovata
830 608 993 650 bivalvi
1026 614 1062 656 5.
1108 607 1149 649 C.
1175 605 1525 661 phyllacanthus
1565 606 1705 648 L'ber.
1735 605 1851 648 Seri.

151 671 274 725 Angl.
308 671 348 712 6.
377 678 426 712 n⁰
459 670 526 712 28.
567 668 705 711 Cama
736 665 1037 720 Senmalensis
1074 665 1217 708 Wehb
1255 666 1428 719 Fragm.
1467 665 1528 707 Fl.
1571 664 1762 718 AEthiop.
1794 689 1849 695 ——

131 729 307 784 ‘Gymw
331 730 543 771 montana
568 727 639 769 W.
663 730 707 769 et
731 727 837 769 Arn.

196 803 297 839 Hah.
314 803 356 838 in
374 801 586 847 Affghania
602 800 778 836 calidiori
800 799 928 845 (Griff.
961 798 1095 834 Journ.
1116 805 1160 834 n⁰
1175 798 1294 844 2091).

151 866 259 949 tal&
279 865 410 911 Geoqr.
428 863 644 910 senegalia,
661 855 793 898 Africa
814 862 1015 898 orientalis
1051 862 1211 908 tropica,
1241 862 1404 907 Scinde,
1432 860 1544 897 India
1574 861 1657 896 bor.
1677 860 1851 896 occiden-

208 923 251 949 is.

211 1063 248 1104 ⁶2.
275 1063 330 1106 C.
369 1062 656 1117 spinosus
683 1062 840 1117 (Royle
867 1061 929 1103 Ill.
956 1074 995 1115 p.
1025 1061 1128 1114 167)
1154 1061 1317 1114 glaber,
1347 1061 1510 1115 pallide
1530 1061 1680 1103 virens
1714 1061 1854 1114 spinis

152 1121 429 1165 creberrimis
472 1121 623 1173 rigidis
665 1121 765 1163 solio
805 1120 1084 1163 brevioribus
1116 1121 1188 1162 vel
1220 1120 1491 1173 longioribus
1524 1133 1611 1162 non
1641 1119 1854 1168 floriferis

152 1181 334 1233 obsitus,
354 1180 466 1222 foliis
484 1178 689 1223 coriaceis
717 1179 856 1222 ovatis
884 1179 1356 1226 cremato-denticulatis
1379 1179 1548 1221 obtusis
1573 1180 1643 1221 vel
1668 1179 1856 1221 subacu-

151 1240 323 1283 minatis
363 1239 457 1281 basi
504 1237 696 1280 breviter
742 1238 938 1281 cuneatis
976 1239 1043 1280 vel
1082 1238 1332 1281 rotundatis
1376 1239 1570 1281 breviter
1615 1238 1853 1291 petiolatis,

151 1299 285 1353 cymis
320 1298 574 1340 axillaribus
610 1298 926 1340 subsessilibus
960 1297 1059 1340 folio
1086 1297 1391 1350 brevioribus,
1429 1299 1578 1339 ovario
1608 1298 1703 1339 basi
1738 1297 1853 1338 intra

153 1357 317 1400 discum
334 1357 539 1399 immerso
557 1357 808 1408 triloculari‚
832 1357 1009 1410 capsula
1023 1356 1438 1410 globoso-depressa
1452 1356 1641 1398 trivalvi.
1666 1363 1701 1404 5.
1722 1355 1856 1409 Gym-

152 1416 365 1469 nosporia
386 1415 569 1468 spinosa
591 1415 726 1458 Hook.
753 1416 809 1457 fil.

199 1491 301 1528 Hah.
318 1492 359 1526 in
376 1491 590 1537 Affghania
607 1490 783 1536 (Griffith
800 1490 852 1537 pl.
869 1500 949 1525 exs.
968 1489 1078 1525 1945!
1103 1492 1141 1525 et
1159 1489 1278 1526 Herb.
1296 1490 1393 1526 East
1404 1490 1485 1526 Ind.
1502 1490 1639 1537 Comp.
1657 1496 1698 1524 n⁰
1713 1489 1805 1525 1991
1818 1491 1856 1533 ἒ).

198 1557 329 1604 Spinae
339 1557 428 1593 6-19,
444 1557 570 1593 lineas
586 1557 729 1602 longae,
748 1556 842 1592 folia
859 1555 1043 1602 pollicem
1061 1558 1129 1590 aut
1146 1555 1320 1602 amplius
1338 1555 1459 1601 longa
1472 1555 1671 1591 interdum
1690 1554 1855 1589 dimidio

153 1605 320 1651 minora3
338 1605 465 1640 affinis
485 1604 523 1640 C.
543 1603 772 1650 arbutz'folz‘o
789 1603 950 1640 Hochst.
969 1613 1018 1638 ex
1034 1603 1261 1648 Abyssinia.

197 1669 257 1705 Ar.
276 1669 409 1715 Geoqr.
429 1669 542 1704 India
559 1667 982 1704 boreali-occidentalis
1008 1667 1049 1703 in
1072 1667 1220 1703 ditione
1238 1667 1394 1714 Punjab
1412 1667 1620 1712 (Falconer
1636 1676 1716 1702 exs.
1732 1665 1855 1709 3592).

509 1853 675 1902 ORD.
710 1854 1020 1902 XXXVIII.
1056 1853 1462 1900 RHAMNEAE

684 1989 756 2045 (R.
784 1988 861 2031 Ba.
885 1987 992 2031 GEN.
1016 1988 1128 2031 REM.
1153 2003 1190 2031 P.
1216 1988 1305 2043 22).

206 2113 357 2156 Flores
382 2115 543 2168 saepius
569 2115 924 2169 hermaphroditi.
954 2114 1088 2169 Calyx
1117 2113 1523 2158 4-5-fidus-laciniis
1564 2115 1747 2157 valvatis
1780 2115 1855 2157 de-

155 2173 292 2216 ciduis
325 2173 429 2215 tubo
468 2174 731 2228 persistente
763 2175 910 2217 ovario
948 2176 1047 2228 plus
1090 2175 1293 2220 minusve
1320 2175 1582 2217 adhaerente.
1612 2175 1761 2216 Petala
1788 2186 1858 2216 ca-

157 2232 260 2285 lycis
286 2232 450 2274 laciniis
477 2245 658 2276 numero
683 2235 865 2288 aequalia
892 2234 955 2275 eis
979 2235 1145 2276 alterna
1170 2233 1281 2276 fauci
1317 2234 1496 2284 inserta,
1536 2234 1682 2275 rarius
1723 2233 1854 2275 nulla.

156 2290 345 2333 Stamina
369 2294 434 2333 tot
454 2295 561 2345 quot
587 2293 725 2345 petala
751 2305 847 2335 cum
872 2293 935 2335 eis
973 2294 1139 2349 inserta
1165 2296 1209 2334 et
1232 2293 1296 2334 eis
1334 2293 1544 2347 opposita.
1587 2292 1744 2334 Discus
1784 2293 1852 2334 vel

154 2349 262 2392 liber
291 2351 360 2392 vel
388 2351 543 2404 calycis
570 2351 724 2394 tubum
756 2352 948 2394 vestiens
970 2352 1192 2395 interdum
1227 2352 1464 2395 obsoletus.
1499 2351 1708 2393 Ovarium
1736 2351 1854 2393 disco

157 2408 343 2451 cinctum
368 2421 578 2462 superum
605 2410 750 2452 rarius
774 2411 872 2464 plus
900 2411 1043 2453 minus
1070 2423 1167 2453 cum
1204 2411 1306 2453 tubo
1343 2412 1501 2464 calycis
1542 2413 1773 2452 connatam
1801 2411 1858 2452 tri

157 2468 300 2510 rarius
327 2466 403 2509 24
426 2469 626 2511 loculare.
655 2469 804 2523 Stylus
846 2474 1020 2512 erectus
1047 2470 1324 2522 stigmatibus
1352 2471 1438 2512 ⁹2-si.
1466 2470 1606 2512 Ovula
1630 2470 1673 2510 in
1702 2469 1858 2511 loculis

160 2524 224 2581 (in
255 2527 440 2582 nostris)
464 2528 658 2570 solitaria
680 2532 822 2571 erecta
854 2532 1075 2583 anatropa.
1117 2529 1304 2571 Fructus
1340 2529 1585 2583 drupacous
1609 2529 1677 2570 vel
1704 2529 1859 2582 capsu-

158 2584 261 2627 laris
286 2587 355 2628 vel
388 2587 700 2630 samaroideus.
741 2587 913 2630 Semina
951 2591 1094 2630 erecta
1130 2587 1291 2641 saepius
1320 2588 1591 2630 albuminosa
1617 2587 1855 2640 embryono

160 2646 289 2687 recto.
311 2668 364 2675 —
384 2645 579 2688 Arbores
606 2647 675 2689 vel
697 2647 890 2689 frutices.

669 2783 920 2832 PALlURUS
949 2784 1078 2846 (Juss.
1115 2785 1216 2833 Gen.
1241 2784 1362 2847 38⁰).

221 2902 354 2958 Calyx
380 2907 543 2950 5-fidus
565 2910 733 2951 rotatus
758 2908 864 2951 tubo
886 2909 1090 2953 obconico
1111 2910 1222 2952 lobis
1254 2910 1427 2953 demum
1452 2912 1754 2954 circumscisse
1786 2910 1861 2952 de-

165 2961 314 3006 ciduis.
344 2964 489 3009 Petale
516 2969 540 3009 5
573 2979 669 3010 cum
708 2967 968 3010 staminibus
1002 2972 1025 3011 5
1053 2969 1172 3012 disco
1204 2969 1357 3012 tubum
1386 2971 1626 3024 calycinum
1654 2969 1858 3012 vestienti
