1994 3211
99 218 120 252 j
127 215 198 254 010
804 222 1111 249 UMBELLJFLAAE.
1618 214 1807 252 Dorema.

103 297 262 341 mentis
286 296 533 339 lanceolatis
562 295 660 349 plus
686 295 831 337 minus
858 295 1061 338 lobulatis
1095 294 1190 337 basi
1222 294 1570 349 decurrentibus,
1600 297 1810 350 paniculae

104 357 237 399 ramis
260 355 572 410 pcdicellisque
599 354 938 408 pubescentibus
964 354 1030 395 liis
1054 353 1186 395 flores
1204 353 1493 407 aequantibus,
1511 355 1664 408 petalis
1683 355 1810 398 flavis

103 415 279 469 glabris,
304 415 446 457 fructu
471 415 620 467 glabro
642 414 792 467 glauco
818 412 1006 466 elliptico
1028 412 1221 465 margine
1239 412 1404 455 semine
1427 415 1629 468 sextuplo
1653 426 1813 467 angus-

106 475 206 518 tiori
230 474 395 523 cinctis,
420 474 540 515 vittis
566 472 774 515 tenuibus
807 476 862 517 26.

155 549 256 584 Hab.
278 549 317 583 in
338 546 562 582 Belutschin
581 547 780 593 superiore
802 545 851 580 ad
869 544 1070 581 Doubund
1089 544 1286 588 (Stocks!).

153 612 294 647 Planta
310 610 542 657 6³-7-1)e‹lalis
561 610 714 655 gummi
736 607 998 644 Ammoniaco
1025 607 1154 643 simile
1182 608 1311 643 edens.
1340 608 1397 643 Ex
1429 609 1639 655 specimine
1666 609 1814 645 incom-

109 660 211 741 pletto
230 657 515 740 “tsslzlnclzeri
540 658 599 692 cui
631 657 744 692 valde
773 656 887 691 affine
918 655 1102 702 panicula
1128 656 1342 691 ramosiore
1366 657 1403 691 et
1429 657 1642 701 segmentis
1670 656 1814 692 Iobatis

105 718 166 741 {2⁴18
188 717 248 741 lnt,
339 734 343 738 -

155 804 238 840 obs.
265 804 311 839 D.
333 802 578 848 odorz'fcrmn
597 801 733 837 Loftus
751 800 844 835 Mss.
865 820 909 824 —-
928 798 1057 834 Borcz.
1076 798 1203 833 Ferul.
1232 809 1269 845 p.
1298 798 1346 834 28
1370 799 1410 833 in
1436 798 1571 834 Persia
1587 808 1707 846 prope
1726 800 1816 836 Kir-

107 852 192 886 rincl
213 851 357 886 lectum
376 861 397 885 a
416 849 631 885 Dor-emate
650 849 843 891 abhorret
858 849 894 882 et
912 849 969 882 est
988 845 1236 892 Fcralarsz’nis
1254 846 1402 892 species
1413 848 1432 890 l,
1451 856 1471 881 e
1489 847 1656 882 sectione
1675 847 1817 884 Aniso-

106 896 235 934 καήῖᾶ.
255 897 512 944 probabiliter
532 896 572 931 F.
595 895 906 932 Carduchorum.

545 1059 797 1107 JollRENIA
826 1061 945 1116 (Dc.
976 1059 1121 1106 Predr.
1159 1058 1224 1113 Π,
1253 1057 1374 1116 ¹19ss).

169 1176 316 1217 Flores
337 1174 694 1229 hermaphroditi.
719 1173 851 1228 Calyx
879 1174 1035 1216 obtuse
1057 1173 1126 1215 vel
1151 1173 1343 1215 obsolete
1373 1172 1638 1215 5-dentatus.
1671 1172 1818 1217 Petala

108 1236 289 1287 oblonga
324 1234 593 1276 circinnatim
637 1234 817 1275 incurva
858 1232 1038 1286 integra.
1078 1232 1265 1275 Fructus
1302 1245 1325 1274 a
1364 1231 1494 1274 dorso
1535 1243 1814 1285 compressus

108 1306 329 1336 convexus
367 1294 431 1335 vcl
463 1294 619 1347 planus
644 1292 838 1345 margine
874 1292 1116 1334 incrassato
1140 1292 1320 1339 cinctus,
1348 1290 1590 1344 pericarpio
1613 1291 1713 1344 plus
1738 1291 1816 1333 mi-

112 1365 193 1395 nus
222 1353 418 1406 fungoso.
446 1352 832 1405 lllericarpiajugis
852 1350 1234 1405 eequidistantibus
1252 1349 1453 1392 omnibus
1476 1349 1694 1401 vittiferis,
1716 1350 1819 1393 late-

110 1412 277 1454 ralibus
305 1412 486 1464 margini
511 1411 724 1464 contiguis
756 1411 824 1452 vel
860 1422 910 1452 eo
943 1409 1137 1452 inclusis.
1168 1409 1297 1451 Vittae
1331 1408 1615 1451 valleculares
1643 1411 1686 1450 et
1707 1420 1819 1451 com-

112 1471 367 1513 missurales
392 1471 536 1521 nullae,
561 1470 707 1512 rarius
732 1471 774 1511 in
801 1469 1026 1511 distinctze.
1055 1493 1111 1500 --
1141 1467 1297 1510 Herbae
1320 1478 1536 1522 perennes
1561 1469 1603 1509 et
1622 1466 1817 1519 biennes,

112 1529 295 1572 floribus
336 1530 491 1578 luteis,
523 1530 747 1572 involucro
782 1528 922 1579 nullo,
962 1528 1074 1570 foliis
1111 1527 1436 1581 pinnatisectis,
1476 1526 1579 1568 facie
1611 1525 1734 1568 Silai.
1762 1550 1821 1557 —

109 1588 262 1631 Genus
295 1590 421 1631 affine
454 1588 710 1630 Pena-edane
738 1588 861 1640 cujus
890 1587 1057 1640 specics
1085 1586 1306 1628 nonnullae
1323 1585 1439 1640 jugis
1477 1585 1681 1627 vittiferis
1714 1597 1821 1639 quo-

113 1660 198 1702 qne
224 1648 429 1700 gaudent,
452 1648 528 1690 sed
553 1647 605 1689 ab
628 1659 677 1689 eo
704 1646 949 1701 pericarpio
975 1645 1135 1700 saepius
1161 1646 1355 1698 fungosQ
1381 1643 1499 1685 vittis
1526 1643 1571 1685 in
1597 1644 1820 1687 valleculis

113 1707 242 1749 nullis
272 1710 314 1749 et
338 1707 627 1749 commissura
652 1706 893 1760 saepissime
921 1706 1105 1747 concava
1129 1704 1398 1758 discrepans.

242 1872 261 1889 *
311 1872 427 1907 Vittae
442 1870 597 1917 jugales
616 1870 828 1905 exteriores
848 1869 952 1904 intra
970 1868 1188 1914 marginem
1206 1867 1462 1914 spongiosum
1482 1865 1694 1902 occultatae.

179 1966 209 2005 1.
244 1963 292 2006 J.
324 1959 651 2005 selinoides
671 1960 833 2015 (Boiss.
863 1963 906 2002 et
930 1959 1017 2001 Bal.
1046 1958 1202 2011 Diagn.
1229 1958 1322 2000 Ser.
1350 1957 1403 2010 II,
1432 1958 1472 2009 5,
1494 1969 1534 2010 p.
1565 1957 1637 2004 99)
1660 1955 1821 2009 glabra,

112 2024 234 2066 caule
260 2022 371 2064 elato
394 2021 521 2062 tereti
546 2020 587 2062 in
618 2019 861 2073 paniculum
903 2018 1088 2071 amplam
1130 2018 1332 2071 patentim
1374 2027 1591 2057 ramosam
1631 2014 1823 2066 abeunti,

115 2083 224 2125 l'oliis
252 2080 414 2122 ambitu
440 2080 524 2121 late
550 2078 893 2132 triangularibus
924 2077 1283 2131 bipinnatisectis‚
1312 2075 1547 2128 segmentis
1570 2073 1823 2127 majusculis

111 2140 306 2183 cuneatis
334 2138 702 2181 ovato-rhombeis
727 2138 771 2179 in
799 2137 974 2178 lacinias
1002 2135 1439 2178 lineari-lanceolatas
1462 2136 1610 2176 acutas
1637 2132 1822 2186 pinnati-

114 2199 299 2254 partssis,
323 2199 521 2241 foliorum
541 2198 810 2239 caulinorum
833 2195 1090 2238 inferiorum
1118 2195 1283 2236 laciniis
1308 2193 1458 2247 paucis
1480 2191 1821 2245 angustioribus,

112 2258 331 2313 supremis
353 2257 407 2299 ad
431 2256 608 2309 vaginas
634 2257 822 2298 lineares
847 2254 1114 2297 acuminatas
1139 2253 1348 2305 reductis,
1374 2251 1575 2294 umbellis
1599 2251 1823 2304 aequaliter

122 2316 466 2366 isac-radians,
489 2315 763 2358 involucellis
779 2313 1068 2367 oligopliyllis,
1085 2311 1356 2366 mericarpiis
1380 2311 1518 2353 ovatis
1537 2309 1824 2364 planiusculis

115 2379 215 2418 urea
242 2375 421 2417 centrali
448 2388 472 2417 a
500 2375 691 2427 margine
732 2373 915 2426 fungoso
944 2372 1039 2414 albo
1077 2371 1295 2423 distincta,
1325 2370 1611 2412 commissura
1641 2368 1827 2410 subcon-

117 2438 225 2478 vexa
250 2434 318 2489 &-
345 2432 655 2492 Ejriosynaplzc
678 2432 961 2485 Kotsclzyana
983 2431 1113 2473 Fenzl
1134 2430 1177 2472 in
1204 2430 1351 2471 chih.
1378 2430 1454 2470 As.
1481 2428 1579 2470 Min.
1604 2427 1636 2480 I,
1658 2439 1698 2480 p.
1725 2427 1824 2468 433.

163 2508 262 2544 Hab.
281 2508 321 2543 in
345 2507 526 2542 faucibus
544 2506 664 2541 Tauri
684 2505 831 2541 Cilicici
849 2515 970 2552 prope
990 2503 1119 2540 Gnlek
1143 2503 1301 2549 Boghas
1320 2502 1411 2548 (Ky.
1431 2501 1502 2537 Bal
1512 2503 1548 2546 ἱ).

161 2573 303 2609 Planta
319 2570 566 2618 6-7-pedalis,
582 2569 677 2606 folia
694 2569 803 2605 infer.
821 2568 979 2616 pedalia
994 2571 1029 2604 et
1044 2567 1235 2614 longiora,
1251 2567 1321 2602 illa
1334 2565 1440 2603 Silai
1450 2565 1646 2612 pratensis
1661 2564 1828 2600 referen-

115 2618 529 2702 tgidirgitegifflgpiigcffassa
549 2617 673 2653 lineas
690 2616 820 2663 longa.
838 2618 871 2652 A
889 2615 1145 2662 sequentibus
1174 2613 1360 2650 umhellis
1388 2612 1671 2659 subaequaliter
1695 2610 1828 2647 multi-

178 2819 216 2858 02.
252 2817 297 2859 J.
323 2815 665 2858 dichotoma
699 2812 801 2867 (nc.
836 2811 991 2853 Prodr.
1031 2810 1103 2859 IV,
1143 2822 1184 2863 p.
1216 2810 1295 2851 196
1327 2819 1413 2850 non
1441 2806 1581 2848 Boiss.
1614 2805 1725 2846 Ann.
1756 2801 1826 2846 Sc.

120 2876 238 2932 Nat.)
262 2875 410 2928 glabra
438 2873 602 2927 glauca,
637 2873 759 2913 caule
785 2871 912 2913 tereti
939 2871 1050 2912 elato
1076 2869 1316 2911 dichotomc
1338 2870 1381 2908 et
1405 2866 1556 2907 stricte
1582 2861 1830 2906 ramosissi-

121 2947 202 2987 mo,
226 2935 337 2977 foliis
361 2933 526 2975 ambitu
552 2929 1005 2983 oblongo-lanceolatis
1029 2927 1376 2981 bipinnatisectis
1403 2923 1638 2977 segmentis
1657 2921 1831 2963 lineari-

121 2993 367 3037 lanceolatis
394 2992 532 3034 acutis
555 2990 697 3044 planis
721 2989 814 3032 basi
837 2987 1173 3030 decurrentibus
1200 2984 1482 3027 inferioribus
1501 2993 1615 3036 saepc
1634 2981 1707 3022 ΞΒ
1729 2992 1832 3034 par·
