2065 3236
228 188 300 226 626
943 195 1222 223 memmi-tow.
1667 186 1930 236 Rhynclwsia.

267 286 369 323 Hah.
387 285 428 322 in
445 284 673 322 Belutschia
689 285 870 321 inferiore
894 283 1050 331 (Stocks
1062 286 1100 330 l).

267 349 403 386 Affinis
432 349 474 384 R.
492 347 732 385 Memnonioe
754 348 885 383 differt
901 348 1131 384 indumento
1153 348 1286 384 minus
1304 348 1462 395 sericeo,
1479 343 1643 385 floribus
1660 348 1782 396 duplo
1800 350 1928 392 mino-

216 396 338 442 ribus,
356 394 503 441 calycis
521 395 706 431 dentibus
724 395 1004 442 inaequalibus,
1021 395 1252 431 seminibus.

262 461 326 497 Ar.
353 459 486 505 congr.
513 459 620 496 Ditio
637 459 778 503 Scinde
794 459 917 495 Indiae
938 458 1124 495 borealis.

277 597 316 639 3.
351 594 759 651 RSchimperi
781 595 975 651 (Hochst.
1001 594 1257 650 inchhimp.
1278 594 1334 648 pl.
1362 593 1496 637 Arab.
1517 593 1594 636 Ed.
1617 591 1695 648 ΙΙ),
1718 593 1928 648 adpresse

216 668 325 700 cana
349 666 559 710 pannosa,
598 653 798 697 caulibus
835 653 1130 697 suffruticosis
1168 653 1325 696 erectis
1357 652 1732 705 subvolubilibus‚
1769 651 1926 695 foliolis

215 713 474 757 lateralibus
512 713 652 755 ovatis
683 713 905 756 terminali
941 712 1329 756 cuneato-obovato
1368 723 1483 767 saepe
1521 714 1702 767 retuso,
1740 710 1926 755 floribus

216 772 473 816 axillaribus
498 771 704 814 solitariis
725 772 795 814 vel
825 771 940 813 binis
966 771 1163 814 breviter
1184 771 1470 825 pedicellatis,
1507 770 1666 824 calycis
1701 770 1796 813 cani
1821 770 1927 813 den-

213 831 333 876 tibus
359 830 892 884 triangulari·lanceolatis
910 831 1016 874 tubo
1035 830 1405 883 sublongioribus,
1424 829 1585 873 corolla
1611 829 1739 882 flava,
1766 828 1926 872 vexillo

213 891 396 943 sericeo,
421 890 642 943 legumine
677 892 922 933 tomentoso
959 887 1349 944 obovato-oblongo
1375 889 1470 932 basi
1503 890 1725 932 attenuato
1751 888 1926 943 oblique

213 949 503 999 acutiusculo‚
525 948 768 992 seminibus
792 947 1260 1003 globoso-compressis
1286 948 1394 992 atris
1417 952 1454 1000 ὃ.
1478 947 1661 1002 Glycine
1680 945 1928 1000 Schimperi

216 1009 395 1052 Hochst.
421 1010 465 1051 et
488 1007 549 1051 St.

264 1081 367 1118 Hab.
377 1082 420 1117 in
433 1091 555 1127 regno
573 1081 744 1117 Mascate
762 1081 920 1117 Arabiae
942 1079 1084 1126 (Auch.
1101 1080 1247 1126 43591).

215 1192 242 1228 t‘
258 1146 293 1181 A
296 1143 625 1228 tpraecedentihus
644 1143 824 1180 caulibus
858 1143 1065 1189 fruticosis,
1090 1143 1240 1180 foliolis
1267 1137 1507 1190 minoribus,
1537 1141 1825 1179 inflorescentia.
1842 1140 1927 1177 dis-

233 1202 294 1228 inc
338 1221 345 1227 .

259 1255 324 1292 Ar.
353 1255 486 1301 Geoqr.
512 1254 661 1291 Arabia
677 1254 837 1301 tropica.

259 1349 320 1385 Ex
336 1349 461 1385 Tribu
478 1348 791 1385 Phaseolearum
808 1349 956 1395 ubique
973 1347 1189 1386 Phaseolus
1201 1347 1380 1395 vulyam's
1396 1346 1445 1392 L;
1464 1347 1505 1383 in
1523 1347 1753 1393 regionibus
1773 1347 1927 1383 subtro-

211 1397 309 1446 picis
324 1398 362 1433 et
371 1396 591 1444 praesertim
605 1397 646 1432 in
662 1396 835 1442 AEgypto
855 1395 1166 1443 Cajanusflavus
1177 1406 1264 1441 ᾔει,
1274 1394 1492 1432 Phaseolus
1508 1394 1659 1443 Manyo
1676 1394 1729 1441 L.,
1743 1393 1927 1432 Dolichos

212 1443 368 1481 Lablab
385 1444 427 1480 L.
446 1444 671 1492 frequenter
689 1444 880 1480 coluntur.

752 1600 830 1643 ΤΡ..
858 1599 912 1642 Χ.
941 1599 1260 1643 SOPHOREAE
1291 1599 1388 1643 Bth.

273 1705 468 1751 Stamina
505 1707 643 1751 libera
676 1706 815 1763 (Conf.
867 1706 1291 1762 Ammothamnum}
1337 1706 1561 1761 Legumen
1600 1706 1925 1750 inarticulatum

216 1766 287 1810 vel
304 1767 598 1810 articulatum.
628 1765 919 1820 Cotyledones
947 1778 1107 1810 crassae
1129 1768 1173 1808 et
1198 1767 1380 1820 embryo
1403 1768 1612 1809 curvatus
1635 1765 1701 1821 (in
1727 1765 1924 1820 nostris).

220 1850 276 1856 -—
302 1826 498 1869 Arbores
521 1827 590 1869 vel
615 1826 796 1868 frutices
818 1825 933 1868 soliis
956 1826 1161 1881 pinnatis.
1191 1850 1246 1856 —-
1270 1825 1432 1868 Tribus
1455 1836 1510 1867 ex
1535 1825 1585 1868 cl.
1609 1823 1823 1868 Bentham
1842 1824 1926 1868 Cae-

215 1884 452 1939 salpinieis
483 1886 623 1928 affinis
646 1887 690 1928 et
710 1885 779 1928 hic
797 1885 896 1928 ideo
922 1885 1069 1940 potius
1092 1897 1225 1940 quam
1246 1885 1370 1939 juxta
1397 1883 1687 1939 Podalyrieas
1710 1884 1925 1928 collocata.

460 2051 849 2100 AMMOBENDRON
878 2051 1030 2114 (Fisch.
1059 2051 1101 2098 in
1129 2050 1226 2100 lm.
1253 2051 1402 2100 Prodr.
1430 2048 1484 2106 11,
1513 2063 1553 2111 p.
1585 2047 1702 2111 523).

275 2164 412 2220 Calyx
432 2165 628 2208 breviter
654 2165 984 2220 campanulatus
1024 2163 1191 2207 laciniis
1228 2165 1252 2206 5
1278 2163 1583 2218 superioribus
1607 2162 1804 2207 breviter
1824 2175 1926 2206 con-

214 2224 343 2269 natis.
365 2224 586 2268 Vexillum
612 2225 902 2267 orbiculatum
934 2235 1184 2267 recurvum.
1214 2221 1370 2265 Carina
1395 2223 1577 2265 incurva
1608 2222 1775 2266 obtusa.
1812 2221 1925 2267 Ova-

215 2285 332 2328 rium
360 2283 514 2327 sessile
531 2284 900 2338 pauciovulatum‚
937 2283 1079 2337 stylus
1114 2282 1327 2325 incurvus
1361 2281 1607 2336 subulatus,
1634 2282 1790 2336 stigma
1827 2293 1928 2336 par-'

216 2356 338 2388 vum.
368 2342 588 2397 Legumen
623 2343 788 2385 lineare
816 2343 887 2385 vel
917 2342 1206 2385 lanceolatum
1242 2341 1699 2396 plano-compressum
1729 2342 1748 2383 1
1777 2341 1924 2385 rarius

217 2404 493 2457 2-spermum
517 2401 795 2444 indchisccns
833 2403 1022 2456 utraque
1049 2402 1205 2443 sutura
1241 2401 1366 2443 alata.
1398 2424 1453 2430 —
1475 2399 1674 2444 Frutices
1701 2401 1927 2453 argenteo-

217 2461 388 2510 sericei,
413 2461 513 2503 folia
536 2461 723 2515 abrupte
746 2461 923 2515 pinnata
960 2460 1118 2514 petiolo
1152 2459 1443 2514 spinescente‚
1484 2458 1619 2503 flores
1651 2458 1830 2501 violacei
1852 2459 1923 2501 vel

214 2521 322 2564 lutei
344 2523 389 2562 in
419 2532 616 2563 racemos
640 2520 895 2562 terminales
937 2518 1150 2573 dispositi.
1193 2518 1371 2573 Species
1399 2517 1517 2560 inter
1539 2530 1588 2561 se
1614 2517 1746 2561 nimis
1773 2518 1924 2561 affines

215 2583 259 2624 et
283 2580 431 2624 forsan
452 2591 506 2622 xe
533 2579 584 2622 cl.
603 2579 708 2634 Bge.
739 2579 871 2621 unius
899 2577 1061 2633 speciei
1085 2577 1333 2621 varietates.

280 2722 317 2764 1.
352 2720 413 2765 A.
451 2719 783 2764 Lehmanni
827 2719 951 2774 (Bge.
994 2718 1038 2761 in
1065 2718 1168 2774 litt.)
1206 2718 1379 2773 petiolis
1420 2717 1614 2773 unijugis
1655 2717 1798 2762 foliolo
1826 2717 1929 2761 sub-

215 2779 472 2835 aequilongis
499 2779 704 2833 spinosis,
731 2778 886 2821 foliolis
914 2777 1317 2831 obovato-oblongis
1351 2776 1445 2820 basi
1472 2777 1666 2820 cuneatis
1691 2777 1813 2832 apice
1840 2776 1930 2832 spi-

216 2839 400 2892 nulosis,
429 2839 601 2892 stipulis
644 2837 860 2880 subulatis
895 2837 1087 2891 spinosis
1123 2835 1488 2891 persistentibus,
1526 2836 1673 2879 ovario
1716 2836 1928 2891 adpresse

217 2898 488 2953 pubescenti,
515 2897 732 2952 legumine
757 2896 970 2950 adpresse
995 2896 1211 2950 puberulo
1248 2895 1436 2949 elliptico
1463 2895 1621 2938 obtuso
1641 2896 1712 2938 vel
1736 2895 1929 2939 acutius·

218 2958 315 3001 culo
341 2964 377 3007 ᾖ.
406 2957 459 3000 Α.
484 2954 692 2999 Sievcrsz‘i
715 2968 806 2998 var.
834 2954 1222 2999 Lehmannianum
1248 2953 1351 3008 Bge.
1379 2953 1444 2997 Pl.
1474 2953 1623 2997 Lehm.
1648 2967 1692 3009 p.
1717 2954 1817 2998 215.
