2065 3236
237 197 309 235 438
815 201 1092 229 LEGUMINOSAE.
1187 190 1429 238 Astraqalus
1452 190 1584 236 (LXV.
1603 184 1931 238 Ouobrycliium).

238 276 537 322 crassiusculis
572 276 714 329 calyce
741 274 956 328 subduplo
996 271 1263 326 longioribus
1298 271 1730 327 oblongo-triquetris
1757 272 1807 315 in
1837 286 1932 316 ros-

237 341 351 379 trum
380 335 693 378 subincurvum
720 332 952 375 attenuatis
976 331 1105 373 dorso
1129 331 1307 373 sulcatis
1337 335 1393 377 ᾌ.

284 409 384 444 Hah.
403 409 442 444 in
457 407 749 454 Mesopotamiae
765 397 925 441 desertis
943 404 994 440 ad
1008 404 1172 439 fluvium
1186 388 1363 447 Kimhmn
1381 402 1431 439 ad
1448 404 1587 450 pedem
1596 403 1743 440 montis
1756 404 1932 452 Singarae

238 459 273 492 et
290 466 410 503 prope
427 455 600 490 Derbent
617 454 630 488 i
648 454 792 488 Basian
811 450 991 497 (Haussk
1005 453 1041 495 l).

281 510 402 546 Valde
425 509 551 544 affinis
581 507 629 544 A.
660 506 912 552 Kocschyano
939 517 962 540 a
979 515 1057 551 qun
1075 506 1216 551 praeter
1241 504 1374 540 caules
1399 507 1437 541 et
1455 503 1697 551 pedunculos
1717 505 1928 542 crassiores

236 557 334 593 mihi
351 556 482 592 differe
499 556 655 590 videtur
671 547 852 599 capitulis
878 552 1088 587 fructiferis
1115 551 1363 587 densioribus
1391 562 1495 598 saepe
1513 550 1829 598 sesquipollicem
1846 553 1932 588 lon-

239 605 308 650 gis,
337 603 551 651 praesertim
582 601 848 648 leguminibus
879 599 1005 644 magis
1041 598 1184 634 strictis
1213 598 1459 644 longioribus
1488 599 1745 635 crassioribus
1766 599 1846 644 (li-5
1862 600 1931 635 lin.

236 652 365 696 longis
383 649 663 696 sesquilineam
683 648 800 683 diam.
818 647 936 691 latis).

531 793 581 841 c.)
610 793 802 829 Elatiores
821 813 865 817 —-
884 791 1023 827 Caules
1038 790 1130 826 elati
1147 790 1400 826 ascendentes
1418 789 1483 825 vel
1500 790 1624 826 erecti.

296 877 393 920 594.
428 876 487 920 A.
516 874 772 917 collinus
796 872 958 927 (Boiss.
984 872 1027 913 in
1054 870 1143 912 Bal.
1170 871 1225 924 pl.
1263 871 1374 912 1856
1412 869 1524 925 exs.)
1552 869 1765 925 adpresse
1798 884 1936 918 canus

234 937 303 978 vel
325 946 569 985 canescens,
597 932 791 974 caulibus
818 929 1154 973 ascendentibus
1193 929 1262 971 vel
1298 929 1492 981 diffusis,
1537 929 1710 983 stipulis
1736 932 1934 975 connatis

235 995 426 1038 breviter
446 991 707 1039 lanceolatIS,
734 991 886 1033 foliolis
922 989 1186 1042 lude-jugis
1217 988 1684 1042 elliptico-linearibus,
1723 989 1927 1033 foliorum

234 1053 488 1096 inferiorum
506 1049 720 1103 oblongis,
754 1049 1009 1103 pedunculis
1046 1048 1142 1090 folio
1176 1047 1465 1100 longioribus,
1509 1047 1707 1101 capitulis
1732 1048 1929 1092 breviter

233 1111 372 1154 oratis
408 1110 579 1153 tandem
616 1108 810 1162 oblongis
834 1107 1120 1159 laxiusculis,
1154 1102 1310 1159 calycis
1346 1106 1557 1160 adpresse
1584 1106 1679 1149 albo
1709 1110 1753 1149 et
1782 1107 1927 1161 nigro-

235 1168 564 1212 hirti‘dentibus
591 1167 806 1210 subulalis
848 1166 1022 1208 dimidio
1052 1165 1155 1207 tubo
1179 1164 1546 1218 sublongioribus,
1586 1165 1743 1209 vexillo
1774 1166 1929 1209 lineari

233 1232 429 1272 truncato
456 1228 521 1270 vel
547 1230 695 1268 retuso
720 1227 865 1280 calyce
888 1225 1017 1278 triplo
1042 1224 1233 1276 longiore
1256 1224 1335 1266 alis
1365 1224 1723 1283 sesquilongiore,
1748 1225 1932 1279 legumi-

232 1288 361 1330 nibus
387 1285 634 1342 patentibus
667 1285 1000 1339 adpressissime
1038 1283 1156 1325 canis
1192 1286 1374 1336 anguste
1411 1283 1858 1336 oblongo-linearibus
1883 1284 1928 1327 in

231 1346 453 1400 cuspidem
479 1346 703 1387 incurvam
738 1344 862 1397 longe
888 1347 931 1386 et
957 1342 1120 1385 sensim
1146 1342 1381 1384 attenuatis
1416 1342 1561 1396 calyce
1588 1342 1809 1397 subduplo
1838 1344 1927 1385 lon-

233 1405 426 1462 gioribus
453 1410 490 1452 26
504 1438 511 1446 .

279 1477 382 1512 Hab.
415 1477 455 1512 in
474 1476 641 1512 collibus
659 1475 918 1522 Cappadociae
942 1474 1127 1527 australis
1157 1474 1213 1527 ad·
1234 1473 1444 1519 Bereketly
1463 1472 1554 1518 (Bal
1564 1474 1590 1518 l)
1616 1475 1654 1509 et
1676 1473 1726 1510 ad
1759 1474 1932 1512 Galakc'ii

231 1521 1282 1618 3205503ffi33¹30¹151n2³3affigi§sssssssfflrff
1288 1521 1440 1614 4335
1443 1520 1514 1613 ffb
1516 1520 1577 1556 ²¹²³·
1592 1531 1748 1568 ‘³¹²⁰que
1766 1523 1932 1558 referem

278 1635 341 1670 Ab
358 1634 525 1670 amiciss.
543 1633 634 1679 Bge.
653 1634 755 1669 inter
770 1633 916 1668 formas
942 1632 989 1676 A.
1011 1630 1292 1677 Onobryehz'dz's
1322 1631 1533 1666 recensitur
1562 1641 1587 1666 a
1602 1642 1681 1678 quo
1700 1642 1819 1668 sensu
1845 1642 1933 1670 meo

233 1682 350 1729 spicis
368 1681 525 1717 tandem
543 1680 644 1716 laxis
662 1680 831 1727 aliisque
862 1680 965 1715 notis
992 1679 1178 1725 neglectis
1198 1678 1325 1714 differt
1350 1678 1619 1724 leguminibus
1642 1679 1788 1725 patulis
1805 1679 1932 1716 multo

232 1729 477 1765 tenuioribus
496 1729 535 1764 in
554 1728 755 1774 cuspidem
781 1728 986 1763 incurvam
1018 1727 1135 1771 longe
1156 1726 1380 1761 attenuatis.
1412 1725 1564 1761 Vexilli'
1575 1736 1663 1761 cum
1679 1726 1753 1762 alis
1770 1737 1931 1773 propor-

232 1777 348 1820 tione,
374 1776 571 1822 legumine
590 1778 758 1820 angusto
775 1774 935 1822 propius
958 1773 1007 1809 ad
1025 1773 1074 1809 A.
1095 1772 1393 1820 Kotschyanum
1410 1772 1558 1808 accedit
1575 1773 1644 1808 sed
1666 1772 1796 1809 differt
1817 1773 1931 1810 folio—

231 1823 280 1861 lis
298 1823 521 1870 pluriJugis‚
541 1822 703 1857 floribus
730 1821 960 1868 majoribus,
984 1820 1196 1866 leguminis
1215 1830 1399 1856 mucrone
1417 1820 1579 1859 adunco.

291 1961 388 2003 595.
404 1959 463 2002 A.
485 1958 858 2013 Onobrychis
875 1958 941 2014 (L.
957 1958 1029 2013 Sp.
1050 1959 1182 2014 1070)
1200 1959 1413 2013 adpresse
1428 1959 1718 2014 cinerascens,
1736 1961 1933 2005 caulibus

230 2018 453 2061 herbaceis
466 2030 591 2061 ascen
599 2018 814 2070 dentibus,
828 2019 882 2060 sti
887 2018 1001 2072 pulis
1014 2018 1208 2060 connatis
1219 2022 1342 2072 parte
1362 2018 1500 2061 libera
1516 2019 1710 2061 breviter
1725 2020 1932 2062 lanceola—

230 2079 299 2125 tis,
309 2078 461 2120 foliolis
474 2076 710 2131 8-16-jugis
724 2076 919 2130 oblongis
933 2078 997 2119 vel
1011 2077 1078 2119 lan
1086 2077 1274 2130 ceolatis,
1289 2077 1489 2131 capitulis
1502 2078 1844 2132 ovato-oblongis
1857 2090 1931 2133 pe-

231 2136 431 2179 dunculis
449 2137 547 2179 folio
566 2135 834 2189 longioribus
859 2135 1066 2188 suffultis,
1103 2137 1258 2189 calycis
1285 2136 1382 2178 albo
1410 2140 1453 2178 et
1480 2137 1604 2190 nigro
1632 2137 1842 2191 adpresse
1867 2138 1931 2192 piu

230 2195 313 2238 losi
334 2195 536 2238 dentibus
563 2194 952 2237 lineari-subulatis
971 2194 1075 2237 tubo
1096 2195 1261 2248 2-3-plo
1280 2194 1574 2247 brevioribus,
1597 2196 1754 2239 vexillo
1776 2196 1931 2239 lineari

231 2257 429 2297 truncato
451 2257 600 2297 retuso
623 2253 701 2295 alis
725 2253 856 2306 duplo
877 2254 1020 2307 calyce
1048 2255 1072 2295 2
1093 2251 1229 2307 ¹l2-plo
1260 2254 1466 2307 longiore,
1490 2254 1782 2308 leguminibus
1814 2266 1933 2297 erec-

230 2313 286 2356 tis
312 2313 664 2367 adpressiuscule
699 2312 863 2354 villosis
898 2316 1053 2355 ovato·
1072 2312 1267 2366 oblongis
1302 2312 1486 2365 trigonis
1522 2315 1641 2355 recte
1672 2313 1928 2357 acuminatis

232 2371 361 2414 dorso
388 2373 471 2414 late
499 2371 675 2414 sulcans
697 2372 840 2424 calyce
867 2370 998 2426 duplo
1020 2370 1290 2426 longioribus
1327 2377 1386 2420 36.
1420 2371 1476 2413 Ic.
1511 2372 1630 2426 Jacq.
1663 2372 1815 2415 Austr.
1842 2373 1928 2415 tab.

277 2504 378 2540 Hab.
404 2505 446 2540 in
473 2504 582 2540 siccis
610 2504 765 2539 Tauriae
790 2503 951 2549 (Stevl),
980 2503 1174 2540 Anatoliae
1201 2505 1240 2540 in
1267 2503 1390 2550 Lycia
1406 2514 1530 2552 prope
1547 2503 1708 2540 Elmalu
1730 2503 1929 2550 (Pestall),

232 2551 396 2587 Caucasi
410 2555 447 2587 et
459 2552 663 2597 regionum
683 2551 1102 2587 Transcaucasicarum
1122 2552 1188 2596 (ex
1206 2551 1327 2598 Ege).
1921 2551 1926 2555 '

277 2616 456 2652 Plantam
475 2617 747 2653 Germanicam
772 2618 810 2652 et
842 2616 1034 2652 Gallicam
1063 2617 1261 2663 descripsi,
1291 2616 1503 2654 orientalis
1522 2616 1736 2664 specimina
1752 2628 1875 2664 pauca
1893 2621 1933 2655 et

231 2665 382 2698 tantum
400 2664 568 2699 florifera
590 2663 685 2707 vidi,
705 2663 870 2699 Taurica
885 2674 933 2699 ex
954 2665 997 2699 cl.
1025 2664 1168 2699 Steven
1198 2664 1344 2711 plantae
1377 2665 1568 2711 Europeae
1593 2663 1796 2700 simillima
1825 2666 1928 2712 sunt,

231 2710 559 2746 Transcaucasica
577 2710 717 2746 melius
737 2710 869 2746 forsan
890 2711 939 2746 ad
953 2711 1000 2746 A.
1019 2711 1205 2747 collinum
1223 2711 1287 2747 vel
1305 2711 1572 2758 Bunyeanum
1589 2713 1776 2759 spectant.

289 2777 332 2831 β.
370 2776 690 2829 chlorocarpus.
711 2800 765 2805 ——
796 2775 957 2818 Foliola
981 2776 1149 2819 minora
1174 2776 1355 2819 linearia
1379 2777 1448 2819 vel
1474 2779 1656 2830 anguste
1680 2776 1932 2828 lanceolala,

232 2836 365 2878 flores
391 2836 614 2878 manifest-e
638 2835 840 2877 minores.
859 2859 916 2864 -—-
943 2835 992 2877 A.
1019 2833 1332 2887 chlorocarpus
1359 2834 1529 2877 Griseb.
1559 2834 1704 2889 Spicil.
1734 2835 1765 2887 Ι,
1788 2849 1831 2890 p.
1859 2838 1927 2879 50.

231 2919 290 2924 —
311 2895 359 2936 A.
389 2894 680 2936 Rocleelz'cwms
704 2893 887 2935 Heuffel.
902 2918 957 2923 —-
985 2894 1036 2935 A.
1064 2893 1327 2946 tcmcisobius
1345 2893 1496 2937 Smith.
1517 2893 1671 2937 Prodr.
1698 2907 1784 2938 non
1806 2893 1852 2936 L.
1872 2920 1927 2925 -—

232 2952 284 2995 A.
311 2951 626 3006 microplzyllus
650 2952 784 2995 Szow.
811 2952 868 3006 pl.
896 2951 1022 2995 Ross.
1049 2963 1140 2995 exs.
