2065 3236
238 200 313 237 650
999 211 1200 238 ROSACEAE.
1765 202 1944 242 Cerasus.

305 302 370 343 12.
406 301 464 345 C.
493 298 693 343 Padus
714 300 781 355 (L.
809 299 883 354 Sp.
910 301 995 342 677
1021 299 1104 344 suh
1130 302 1304 353 Pruno)
1326 302 1548 356 fruticosa,
1569 302 1703 345 ramis
1736 302 1947 356 elongatis

241 360 416 414 patulis,
443 360 558 402 foliis
584 359 784 414 ellipticis
816 359 1074 403 acuminatis
1107 359 1379 413 subrugosis'
1399 364 1551 414 argute
1589 361 1770 403 serratis
1798 362 1944 415 eglan-

239 419 420 465 dulosis,
462 419 645 461 floribus
680 420 726 461 in
769 429 964 461 racemos
1000 419 1205 462 laterales
1241 418 1392 472 longos
1430 419 1689 473 cylindricos
1727 420 1945 473 pendulos

242 477 466 532 dispositis
489 477 614 530 albis,
633 477 775 531 drupa
800 477 975 530 globosa
1002 483 1038 526 5.
1072 478 1257 521 Cerasus
1293 475 1448 519 Padus
1484 491 1563 522 uc.
1599 478 1661 521 Fl.
1698 479 1770 521 Pr.
1795 478 1868 532 IV,
1899 492 1944 534 p.

286 610 388 645 Hah.
409 610 449 644 in
468 609 672 655 sylvaticis
691 610 861 655 regionis
880 609 1025 692 affinae
1051 610 1319 663 Ponti-Lazici
1349 610 1395 646 ad
1423 610 1559 656 Djimil
1579 610 1716 655 (Ball),
1745 611 1944 648 Armeniae

239 657 414 750 Effigie&
433 656 684 740 §ffivlgloghlffl
714 657 852 693 Iberiae
878 658 894 702 (
940 657 1029 702 .B.)‚
1058 656 1223 693 Ossetlae
1251 657 1294 692 in
1324 657 1503 693 districtu
1535 657 1674 703 Alagir
1704 657 1940 695 4800’-6000’

282 767 343 803 Ar.
364 767 494 812 Geoqr.
522 766 680 814 Europa
696 767 865 804 borealis
883 770 921 804 et
940 767 1080 814 media,
1098 768 1139 803 in
1169 768 1471 804 australioribus
1491 768 1621 804 solum
1648 778 1696 804 ex
1722 767 1850 804 Sierra
1868 768 1944 805 Ne-

239 815 344 850 vada
362 815 568 861 Hispaniae
586 824 674 850 eam
692 815 797 850 novi.

239 962 275 1018 ἓ.
301 964 340 1005 4.
370 987 426 992 -
453 961 844 1006 Laurocerasi
871 962 1033 1005 Tourn.
1064 987 1117 991 —
1154 962 1303 1005 Flores
1339 962 1384 1004 in
1415 974 1609 1006 racemos
1639 962 1842 1004 axillares
1874 962 1944 1005 vel

421 1022 673 1064 terminales
698 1021 910 1075 dispositi.
933 1021 1052 1065 Folia
1076 1021 1358 1076 persistentia
1380 1022 1583 1064 coriacea.

304 1141 368 1182 13.
398 1139 451 1184 C.
476 1139 921 1183 Laurocerasus
944 1139 1015 1194 (L.
1048 1139 1118 1193 Sp.
1149 1141 1234 1182 678
1263 1140 1345 1182 sub
1369 1139 1542 1194 Pruna]
1568 1140 1787 1191 fruticosa,
1827 1139 1944 1183 foliis

241 1199 396 1254 amplis
420 1198 615 1241 breviter
641 1199 861 1252 petiolatis
885 1198 1289 1253 oblongo-ellipticis
1312 1199 1567 1241 acuminatis
1595 1198 1748 1241 lucidis
1785 1199 1944 1242 subtus

238 1259 399 1312 saepius
428 1258 520 1300 basi
548 1258 675 1312 Juxta
701 1261 863 1300 costam
893 1258 1258 1311 2-4·-glandulosis
1285 1258 1467 1311 integris
1495 1258 1564 1300 vel
1591 1261 1757 1300 remote
1792 1270 1945 1301 serru-

237 1318 350 1370 latis,
376 1317 559 1360 racemis
583 1318 681 1359 folio
704 1316 997 1370 brevioribus,
1021 1317 1175 1371 drupis
1203 1317 1396 1360 ovoideis
1423 1317 1560 1360 acutis
1579 1322 1614 1365 5.

286 1391 386 1427 Hah.
418 1392 459 1427 in
485 1391 691 1437 sylvaticis
722 1391 893 1437 regionis
923 1391 1117 1426 inferioris
1148 1391 1326 1426 Thraciae
1353 1391 1453 1426 circa
1479 1391 1716 1437 Byzantium
1738 1389 1946 1437 (Grisebll,

237 1438 437 1485 Bithyniae
455 1439 503 1473 ad
523 1438 637 1473 basin
666 1438 827 1485 Olympi
846 1438 1030 1483 (Tolum,
1065 1439 1178 1474 Ponti
1210 1439 1259 1474 ad
1286 1439 1575 1484 Trapezuntvm
1593 1438 1797 1484 (Bourgi)‚
1828 1448 1940 1483 prov.

237 1486 659 1521 Transcaucasicarum
689 1485 879 1530 (Ledeb.),
913 1485 1109 1521 Colchidis
1138 1488 1174 1521 et
1203 1486 1393 1521 Imeretiae
1411 1496 1537 1533 usque
1558 1485 1609 1522 ad
1624 1485 1729 1521 3000’
1761 1485 1944 1532 (Rupr!)‚

238 1533 386 1569 Persiae
403 1533 573 1569 borealis
589 1534 628 1568 in
647 1543 754 1580 prov.
777 1532 924 1569 Ghilan
941 1533 1090 1578 (Buhse
1104 1535 1143 1579 ἱ).
1161 1533 1217 1569 Fl.
1236 1535 1329 1580 Apr.

695 1696 900 1745 PRUNUS
926 1697 1095 1760 (Toum.
1122 1697 1222 1745 lnst·
1254 1696 1340 1744 tab.
1374 1697 1491 1758 398).

295 1813 449 1867 Drupa
472 1827 653 1857 carnosa
670 1814 947 1857 indehiscens
965 1814 1189 1867 pruinosa.
1210 1815 1423 1858 Putamen
1447 1813 1821 1866 ovato-globosum
1841 1812 1947 1854 sub-

237 1884 536 1926 compressum
564 1875 823 1927 rugulosum
850 1875 920 1916 vel
946 1874 1068 1916 laeve.
1098 1899 1153 1904 —
1180 1873 1376 1917 Arbores
1403 1875 1472 1916 vel
1499 1873 1678 1916 frutices
1713 1871 1824 1916 foliis
1861 1882 1941 1914 aes-

234 1931 443 1974 tivatione
464 1934 721 1976 convolutis.
749 1933 925 1986 Species
952 1933 1173 1976 nonnullae
1197 1934 1250 1975 ob
1277 1933 1580 1976 herbariorum
1601 1931 1837 1986 specimina
1862 1942 1943 1973 sae-

231 1991 331 2044 pius
359 1992 501 2045 quoad
524 1992 656 2034 flores
685 1993 753 2034 vel
774 1993 943 2035 fructus
982 1996 1177 2035 maturos
1216 2005 1368 2035 manca
1396 1993 1647 2047 imperfecte
1668 1993 1782 2034 notae
1809 1995 1854 2033 et
1874 2002 1942 2032 ac·

233 2053 383 2092 curate
410 2050 454 2092 in
474 2051 579 2093 locis
599 2051 819 2094 natalibus
845 2052 914 2094 inv
924 2051 1171 2105 estigandae.

292 2210 326 2250 1.
356 2208 413 2250 P.
441 2209 692 2263 spinosa
713 2209 780 2265 (L.
806 2208 877 2264 Sp.
908 2209 1013 2263 681)
1040 2210 1246 2254 fruticosa
1278 2211 1452 2253 humilis
1475 2210 1743 2252 divaricatim
1768 2220 1940 2252 ramosa

231 2268 430 2322 spinosa,
470 2269 652 2311 ramulis
674 2269 926 2323 Junioribiis
967 2269 1130 2323 glabris
1159 2271 1226 2312 vel
1267 2270 1508 2323 puberulss,
1538 2269 1650 2312 foliis
1689 2267 1941 2311 lanceolatis

232 2327 299 2369 vel
326 2327 527 2381 ellipticis
551 2329 734 2370 serratis
759 2328 982 2382 glabratis,
1004 2329 1186 2382 gemmis
1207 2329 1412 2371 floriferis
1440 2329 1742 2381 subunissoriS.
1771 2325 1943 2381 pedun-

229 2386 339 2428 culis
360 2386 536 2439 glabris,
562 2386 703 2441 drupa
720 2390 865 2430 erecta
888 2388 1066 2441 globosa
1091 2388 1261 2431 minuta
1282 2393 1320 2439 5.
1356 2387 1407 2430 P.
1425 2387 1664 2440 fruticans
1690 2388 1860 2430 Weihe.

272 2460 376 2495 Hab.
396 2460 436 2495 in
456 2460 626 2496 dumetis
646 2461 786 2507 apricis
805 2461 998 2507 Zacynthi
1015 2461 1194 2507 (Margi),
1226 2461 1388 2497 Graeciae
1416 2462 1456 2496 in
1481 2465 1613 2497 monte
1632 2461 1788 2497 Malevo
1816 2460 1936 2496 Laco-

226 2507 301 2542 niae
318 2507 496 2553 (OrphO,
524 2508 657 2544 insula
682 2508 802 2543 Chios
820 2508 992 2556 (Orphi),
1019 2509 1200 2544 Thraciae
1229 2509 1384 2554 (Fi-ivl).
1409 2509 1565 2544 Tauriae
1600 2510 1637 2545 et
1699 2519 1781 2543 rov.
1814 2507 1880 2543 Cis
1898 2510 1936 2544 et

223 2554 644 2591 Transcaucasicarum
662 2556 808 2602 (MR),
825 2556 970 2592 Persiae
987 2556 1071 2592 bor.
1092 2556 1133 2591 in
1152 2567 1259 2603 prov.
1279 2557 1430 2592 Ghilan
1448 2556 1646 2602 (Buhsel).
1665 2520 1721 2592 gl.
1745 2557 1837 2602 Apr.

268 2620 332 2655 Ar.
355 2621 488 2666 Geoqr.
516 2620 675 2668 Europa
692 2621 833 2665 omnis,
851 2621 982 2656 Africa
1000 2621 1183 2657 borealis.

286 2751 323 2791 Ξ.
358 2749 415 2792 P.
440 2749 1015 2805 pseudoarmeniaca
1034 2749 1202 2805 (Heldr.
1228 2754 1271 2793 et
1295 2750 1407 2793 Sart.
1433 2752 1477 2793 in
1503 2752 1643 2794 Boiss.
1663 2751 1815 2804 Diagn.
1838 2749 1933 2792 Ser.

222 2808 276 2861 ΙΙ,
304 2810 343 2860 5,
368 2822 408 2862 p.
439 2808 516 2863 96)
539 2810 774 2852 arbuscula
798 2810 866 2851 vel
894 2810 1039 2852 frutex
1065 2810 1340 2863 glaberrima,
1363 2811 1496 2853 ramis
1522 2810 1779 2853 inermibus.
1816 2809 1935 2851 foliis

219 2868 419 2922 ellipticis
448 2868 516 2910 vel
544 2869 1015 2922 elliptico-spatbulatis
1047 2869 1214 2912 minute
1240 2873 1284 2912 et
1301 2870 1456 2912 obtuse
1483 2868 1925 2913 crenato-denticula-

219 2927 272 2968 tis
300 2927 460 2980 saepius
488 2927 657 2970 obtusis
703 2929 793 2970 basi
820 2928 1030 2979 cuneati&
1069 2929 1250 2981 gemmis
1291 2928 1493 2971 floriferis
1527 2929 1708 2980 bissoris,
1747 2927 1919 2982 pedun—

220 2985 330 3028 culis
356 2986 644 3040 brevissimis,
668 2987 807 3041 drupa
831 2987 1168 3040 ovato-globosa.
1183 2988 1407 3042 putamine
1434 2999 1684 3042 compresso
1711 2993 1747 3036 5.
