2045 3227
114 207 333 244 Potentz'lla.
847 217 1049 243 ROSAGEAE.
1739 208 1810 244 719

111 290 253 333 ovatis
279 289 446 332 obtusis
475 289 667 335 externis
695 290 766 331 vix
792 289 1082 342 brevioribus,
1106 290 1258 344 petalis
1275 290 1470 333 obovatis
1487 290 1649 332 retusis
1667 290 1809 344 calyce

112 349 465 401 sublongioribus
497 357 552 397 26.

157 421 256 457 Hah.
276 421 315 457 in
333 421 466 456 Persia
484 421 765 456 bon-orientali
789 432 908 468 prope
928 421 1054 456 Siaret
1071 421 1170 466 (Bge
1183 423 1218 466 l).

158 486 300 522 Caules
319 486 617 533 3-4-p011i0a1·es‚
637 487 732 522 solia
750 488 899 534 majora
918 487 1032 522 diam.
1050 487 1116 522 5-6
1143 487 1265 522 lineas
1283 487 1372 530 lata,
1392 487 1521 533 petala
1540 487 1595 522 eis
1615 486 1657 521 P.
1678 496 1808 523 vernoe

112 534 275 575 minora,
294 533 428 579 planta
447 533 720 569 hirsutissima.
744 534 1060 569 Glandulositate
1079 534 1206 569 affinis
1231 534 1276 568 P.
1305 533 1575 580 adenoplzylloe
1592 534 1659 568 sed
1679 534 1804 569 hirsu-

114 580 197 624 tior,
216 580 351 616 foliola
375 581 529 616 minora
556 582 770 627 praesertim
802 581 981 617 breviora
1012 584 1197 625 truncata,
1230 580 1360 627 petala
1389 584 1517 616 retusa
1548 581 1717 626 calycem
1738 582 1805 616 vix

110 627 346 663 excedentia.

166 691 210 745 β.
246 692 421 734 Bzchsei.
450 716 506 723 —
533 692 666 745 Nana,
691 692 834 735 minus
860 695 903 735 et
922 692 1274 746 adpressiuscule
1298 692 1423 735 hirta.
1453 717 1505 721 -
1530 692 1577 733 P.
1601 691 1805 745 alpeslris

109 750 247 793 'Boiss
272 754 314 793 et
342 751 485 794 Buhse
510 751 631 794 Aufz.
660 763 745 794 non
772 751 877 794 Hall.

153 825 252 861 Hab.
272 827 311 861 in
330 826 485 871 regione
504 826 636 872 alpina
654 827 798 861 montis
815 825 1000 861 Elamout
1018 826 1159 861 Persiae
1194 826 1275 861 bor.
1301 826 1437 870 (Auch.
1458 826 1583 869 4490&
1603 827 1639 860 et
1659 825 1802 860 montis

108 872 251 908 Elbrus
270 873 360 919 (ΚΥ.
379 873 466 908 472!
486 873 559 908 sul)
577 872 621 907 P.
638 870 801 919 yelz'dd),
821 873 859 907 in
880 883 987 920 prov.
1007 873 1179 918 Talysch
1198 873 1263 908 alt.
1277 873 1419 908 7-8000'
1438 872 1628 917 (Buhsel).

152 935 362 980 Pollicaris,
387 935 424 971 P
450 936 660 971 minimam
678 936 740 971 vel
759 936 993 983 eespz‘tosam
1014 936 1218 972 Lehmann
1235 937 1413 972 referens.

164 1085 231 1126 48.
266 1083 323 1125 Ρ.
355 1080 757 1137 Cappadocica
780 1082 937 1137 (Boiss.
973 1082 1122 1136 Diagn.
1153 1083 1245 1125 Ser.
1287 1083 1318 1129 Ι,
1361 1084 1400 1134 3,
1438 1096 1477 1137 p.
1516 1084 1561 1133 6)
1594 1083 1726 1124 dense
1759 1085 1802 1125 et

103 1141 313 1196 adpresse
341 1142 674 1196 griseo-villosa,
701 1141 935 1183 caudiculis
962 1140 1084 1183 duris
1108 1142 1351 1195 prostratis,
1380 1141 1573 1183 caulibus
1594 1142 1800 1184 brevibus

102 1200 465 1243 decumbentibus
493 1200 1060 1253 condensato-corymbosis,
1088 1201 1198 1242 foliis
1226 1199 1349 1242 infer.
1380 1201 1617 1254 septenatis
1646 1201 1800 1243 foliolis

102 1260 261 1301 subtus
285 1259 463 1302 densius
488 1259 847 1301 cinereo-villosis
876 1259 1070 1301 obovatis
1088 1260 1351 1313 complicatis
1369 1273 1391 1301 a
1407 1259 1547 1302 medio
1565 1260 1615 1301 ad
1636 1260 1800 1313 apicem

103 1318 290 1360 dentatis
316 1319 518 1360 dentibus
544 1318 748 1372 utrinque
772 1319 844 1359 4-5
875 1318 974 1360 villo
996 1318 1326 1361 conniventibus
1354 1319 1569 1361 terminali
1596 1319 1799 1371 breviori,

100 1377 275 1430 stipulis
298 1378 422 1419 infer.
450 1377 688 1419 linearibus
716 1377 885 1419 caeteris
923 1377 1393 1430 oblongo-lanceolatis,
1421 1378 1577 1430 calycis
1601 1377 1799 1419 albo-vil-

102 1436 181 1477 losi
209 1436 379 1479 laciniis
404 1436 597 1489 oblongis
625 1436 792 1478 obtusis
824 1436 950 1479 inter.
985 1436 1349 1489 sublongioribus,
1374 1437 1527 1490 petalis
1555 1436 1797 1478 obcordatis

100 1495 245 1548 calyce
274 1495 539 1549 longioribus
570 1499 624 1539 26.

146 1568 246 1603 Hab.
266 1570 305 1604 in
328 1569 407 1616 Cap
438 1569 572 1604 adoaia
593 1569 771 1604 orientali
790 1569 929 1613 (Auch.
958 1580 1036 1604 exs.
1059 1569 1154 1604 1462
1180 1570 1275 1613 teri),
1303 1569 1342 1604 in
1368 1570 1491 1604 Ponto
1512 1569 1676 1604 australi
1694 1570 1796 1604 inter

102 1617 265 1652 Nicksar
281 1622 318 1652 et
336 1616 412 1652 Bac
444 1616 509 1651 koi
528 1619 565 1651 et
582 1617 682 1651 inter
700 1615 1170 1652 Chabhane-Karahissar
1187 1619 1224 1651 et
1237 1616 1370 1662 LisdJa
1389 1617 1530 1660 (Tchih
1542 1618 1577 1660 l).

145 1679 239 1715 Haec
264 1680 400 1726 planta
431 1690 550 1726 quam
584 1679 818 1715 fructiferam
850 1690 927 1714 non
960 1679 1043 1714 vidi
1074 1679 1117 1714 P.
1148 1689 1278 1715 vernae
1308 1683 1345 1715 et
1381 1679 1651 1727 adenophylloe
1669 1682 1795 1732 affinis

98 1727 251 1762 videtur
269 1727 449 1762 distincta
468 1727 696 1762 indumento
725 1736 822 1761 cano
846 1727 886 1761 in
911 1727 1198 1762 inssorescentia
1217 1727 1459 1769 densissimo,
1481 1728 1712 1774 pedunculis
1728 1729 1795 1763 ab·

100 1775 297 1819 breviatis,
321 1774 504 1810 dentibus
533 1773 716 1809 foliorum
746 1774 1058 1809 conniventibus.
1081 1774 1222 1809 Caules
1251 1774 1552 1821 2—3—pollicares,
1573 1775 1704 1810 foliola
1731 1775 1794 1811 4-6

97 1821 222 1857 lineas
240 1822 358 1867 longa
377 1822 567 1857 exteriora
589 1821 677 1856 aliis
696 1820 821 1856 multo
841 1823 993 1856 minora
1011 1824 1049 1856 et
1067 1822 1304 1867 angustiora.

155 1964 224 2005 49.
251 1963 306 2005 P.
330 1973 604 2017 pannosa
629 1963 789 2018 (Boiss.
813 1967 855 2006 et
872 1963 1046 2006 Haussk
1067 1963 1086 2019 )
1111 1963 1244 2006 dense
1282 1969 1326 2006 et
1357 1963 1564 2017 adpresse
1600 1975 1791 2017 pannosa

94 2021 202 2071 alba,
231 2022 456 2076 cespitosa,
482 2023 587 2064 collo
615 2022 748 2064 dense
784 2035 1029 2077 squamoso,
1065 2023 1258 2066 caulibus
1290 2022 1534 2065 numerosis
1559 2021 1792 2064 ascenden-

95 2081 211 2124 tibus
237 2081 484 2135 paucitloris
519 2082 679 2135 cespite
718 2082 1153 2135 sesquilongioribus‚
1195 2082 1306 2124 foliis
1344 2082 1604 2124 radicalibus
1644 2093 1795 2122 nume·

95 2140 207 2183 rosis
234 2141 396 2183 ambitu
425 2141 675 2183 orbiculatis
698 2141 889 2193 quinatis
913 2141 1066 2183 foliolis
1092 2141 1490 2184 obovato-euneatis
1521 2139 1672 2181 obtuse
1699 2141 1794 2181 5-9-

94 2198 366 2241 denticulatis
395 2199 523 2242 dente
549 2200 777 2253 superiore
800 2213 886 2243 non
915 2200 1129 2251 breviore,
1157 2200 1268 2243 foliis
1292 2200 1593 2253 superioribus
1612 2199 1791 2240 minutis

95 2257 340 2311 tripartitis,
364 2258 535 2312 stipulis
559 2258 821 2310 lanceolatiS,
842 2259 998 2312 calyeis
1024 2259 1182 2301 hirsuti
1206 2260 1369 2301 laciniis
1389 2258 1636 2301 lanceolatis
1655 2258 1790 2299 acutis

88 2317 284 2359 externis
313 2318 384 2359 vix
407 2316 696 2369 brevioribus,
724 2318 879 2371 petalis
905 2318 1173 2372 longitudine
1199 2319 1369 2372 calycis‚
1394 2317 1634 2361 seminibus
1660 2329 1792 2369 rugu-

93 2375 197 2418 losis
230 2380 288 2421 26.

118 2448 243 2532 lthffi-
246 2461 296 2532 1ιὶ1
292 2451 467 2542 Οὸὶδῗιινίε
493 2451 654 2497 rupium
680 2451 942 2487 calcarearum
973 2453 1119 2488 montis
1150 2452 1305 2488 Schahu
1334 2452 1599 2487 Kurdistaniae
1624 2452 1790 2490 Persicae

91 2506 115 2530 a

136 2559 268 2596 Facies
286 2560 330 2595 P.
349 2560 572 2598 subacaulis
594 2562 662 2598 sed
689 2562 848 2597 densius
872 2573 1059 2609 pannosa,
1085 2563 1180 2598 folia
1205 2562 1322 2597 diam.
1349 2561 1412 2597 6-9
1435 2561 1505 2597 lin.
1538 2562 1630 2606 lata,
1657 2561 1788 2598 caules

87 2606 384 2653 1-2-pollicares,
402 2609 621 2655 petalorum
638 2609 806 2644 formam
822 2612 883 2645 sat
897 2609 1105 2645 observare
1120 2621 1197 2645 non
1212 2610 1330 2657 potui.
1350 2609 1412 2645 Ab
1431 2609 1612 2644 affinibus
1636 2609 1790 2645 laciniis

86 2653 278 2699 calycinis
296 2655 489 2701 elongatis
508 2657 632 2692 acutis
650 2656 842 2693 distincta.

147 2794 217 2834 50.
254 2793 312 2836 P.
345 2794 630 2849 alpestris
654 2795 782 2850 (Hall.
810 2795 868 2838 fil.
897 2796 1008 2838 Mus.
1039 2796 1161 2838 Helv.
1186 2809 1229 2850 p.
1260 2795 1336 2848 53)
1364 2797 1459 2838 laete
1486 2796 1657 2847 virens,
1685 2809 1786 2839 cau-

86 2851 240 2894 diculis
267 2854 498 2905 prostratis
522 2854 829 2905 radicantibus,
847 2854 1042 2897 caulibus
1068 2854 1405 2904 ascendentibus
1429 2855 1786 2910 pubescentibus,

88 2909 200 2952 foliis
234 2911 358 2953 infer.
387 2912 576 2966 quinatis
604 2913 757 2956 foliolis
784 2913 978 2955 obovatis
1017 2914 1217 2967 ,margine
1252 2917 1294 2957 et
1332 2914 1488 2956 subtus
1531 2914 1584 2956 ad
1624 2927 1784 2958 nervos

89 2969 294 3021 patentim
321 2970 470 3024 pilosis
497 2975 684 3027 utroque
710 2972 844 3014 latere
869 2973 1024 3014 obtuse
1042 2973 1242 3025 dentatis,
1261 2973 1433 3026 stipulis
1457 2973 1657 3015 omnibus
1684 2985 1791 3016 ova-
