1994 3211
102 243 199 280 1014
793 252 1101 278 UMBELLIFERAE.
1516 242 1812 281 Peucedanum.

367 386 703 434 PEUCEDANUM
740 387 810 446 (L.
838 401 884 435 ex
911 391 1041 448 parte.
1069 413 1128 420 —··
1159 387 1264 435 Koch
1290 387 1406 435 Umb.
1438 387 1537 449 92).

164 512 314 555 Flores
340 511 698 565 hermaphroditi.
740 511 906 566 Calycis
934 513 1085 555 dentes
1113 513 1298 555 obsoleti
1322 514 1390 555 vel
1414 514 1512 567 plus
1540 514 1685 556 minus
1708 527 1809 568 pro-

105 572 272 614 minuli.
314 571 462 612 Petala
495 571 676 613 ohovata
708 571 753 613 in
789 571 1018 614 lacinulam
1055 571 1260 613 inflexam
1296 574 1510 614 coarctata
1543 573 1809 626 emarginata

106 631 175 673 vel
193 631 372 683 integra.
395 629 583 671 Fructus
602 643 625 671 a
641 630 770 673 dorso
791 630 946 684 planus
965 631 1034 672 vel
1051 630 1595 685 lentieulari-eompressus
1615 632 1808 685 margine

107 689 281 731 dilatato
309 688 578 741 complanato
597 688 777 731 cinctus.
802 689 1056 742 Meriearpia
1078 689 1196 743 jugis
1222 689 1703 743 subaequidistantibus‚
1730 693 1810 734 tri-

104 748 188 790 bus
211 747 479 789 lutermediis
508 747 797 799 filil'ormibus,
820 747 1072 790 lateralibus
1102 749 1286 801 margini
1306 748 1480 791 dilatato
1498 749 1714 801 contiguis
1738 752 1807 793 vel

104 807 150 849 in
175 819 274 849 eum
296 806 570 847 abeuntibus.
601 806 726 848 Vittae
742 807 787 848 in
806 807 1026 849 valleeulis
1048 807 1251 849 solitariae
1276 810 1420 850 rarius
1441 807 1553 850 hinae
1572 809 1639 849 vel
1655 810 1807 861 ternae,

105 865 392 908 commissura
416 865 554 917 plana.
577 890 626 894 —-
651 865 807 907 Herbae
833 877 1064 919 perennes,
1087 866 1271 908 floribus
1290 866 1401 908 albis
1429 867 1498 909 vel
1517 867 1659 918 luteis,
1686 866 1813 911 invo-

104 925 226 967 lucro
254 924 371 965 nullo
400 924 468 965 vel
501 924 765 978 polyphyllo.
803 949 860 954 —-
895 924 1044 967 Genus
1072 925 1241 978 speeies
1274 925 1426 967 habitu
1456 926 1583 968 valde
1610 925 1808 969 diversas

106 983 402 1037 cumpleetens
426 983 503 1024 sed
523 983 794 1025 characteres
822 983 989 1026 fruetsls
1016 983 1059 1024 in
1087 984 1290 1026 omnibus
1315 985 1593 1027 eonveniunt.

540 1162 790 1217 Specoeraecm
813 1162 1104 1205 Orientalium
1132 1162 1376 1216 dispositio.

105 1273 128 1328 ἓ
159 1275 193 1315 1.
226 1273 464 1316 Juncea.
495 1297 548 1302 —-
580 1271 698 1313 Folia
721 1272 765 1313 in
785 1271 963 1313 lacinias
983 1271 1146 1325 rigidas
1167 1271 1427 1324 cylindricas
1449 1273 1614 1314 teretes
1641 1271 1814 1325 petioli-

282 1333 442 1374 sormes
478 1335 604 1373 secta.
643 1330 897 1384 Meriearpia
934 1334 1116 1383 anguste
1155 1330 1403 1383 marginata.
1443 1331 1677 1373 Valleculae
1715 1330 1812 1373 uni-

282 1391 463 1433 vittatae.

422 1487 441 1504 *
475 1487 659 1524 Pedieelli
673 1486 859 1523 fructiferi
877 1496 956 1522 non
976 1486 1191 1522 incrassati.
1210 1487 1326 1522 Vittae
1344 1489 1493 1523 tenues.

105 1571 150 1606 P.
168 1570 372 1618 petiolare,
393 1570 709 1617 selerophyllum.

471 1650 490 1667 *
516 1650 535 1668 *
560 1650 744 1687 Pedieelli
757 1650 946 1686 fructiferi
962 1649 1179 1686 incrassati.
1200 1650 1316 1685 Vittae
1336 1649 1436 1686 latae.

105 1733 151 1770 P.
168 1733 376 1781 polyscz‘as,
393 1733 593 1780 capulare.

103 1857 127 1913 g
151 1859 188 1899 2.
213 1854 656 1911 Eupeuceclana.
678 1880 731 1885 —
751 1855 973 1897 Foliorum
990 1854 1155 1898 laciniae
1175 1855 1325 1909 planae.
1352 1854 1606 1909 Mericarpia
1625 1858 1810 1909 anguste

282 1916 532 2016 ilillfflffiissata.
563 1914 790 1956 Valleeulae
817 1912 1076 1956 univittatae.
1107 1914 1388 1958 Involucrum
1408 1913 1717 1968 oligophyllum
1737 1915 1807 1956 vel

812 2077 832 2094 *
858 2077 992 2113 Flores
1010 2077 1102 2113 albi.

104 2152 152 2189 P.
168 2151 496 2199 yrcmzim'folz'um.

779 2229 798 2247 *
823 2229 842 2247 *
869 2230 1007 2266 Flores
1025 2230 1131 2265 lutei.

104 2311 151 2347 P.
166 2310 374 2358 officinale,
401 2310 671 2364 mammeam,
699 2310 997 2358 chrysanthum,
1021 2310 1264 2358 ve’ttzjy‘zcyum,
1291 2311 1453 2358 Meyerz',
1477 2311 1809 2358 depauperatum,

342 2369 578 2406 scoparzum.

103 2490 128 2546 ἓ
156 2492 194 2534 3.
222 2489 663 2534 Palimbioidea.
689 2515 748 2523 —
782 2491 1003 2534 Foliorum
1041 2490 1206 2533 laciniae
1240 2491 1397 2544 planae.
1437 2488 1693 2542 Mericarpia
1731 2500 1809 2530 an-

282 2554 409 2603 guste
432 2551 682 2603 marginata.
711 2550 941 2592 Valleeulae
970 2550 1243 2592 2-3-vittatae.
1274 2548 1552 2591 Involucrurn
1571 2546 1811 2601 oligophyl-

283 2610 375 2651 lum
402 2608 471 2651 vel
500 2609 683 2652 nullum.
715 2635 767 2639 —
804 2609 924 2651 Grex
947 2622 971 2651 a
994 2608 1259 2663 praecedenti
1291 2606 1515 2651 valleeulis
1546 2605 1809 2648 2-3-vittatis

285 2670 453 2710 tantum
481 2667 668 2710 diversa.

814 2767 834 2785 *
858 2768 994 2804 Flores
1013 2768 1104 2804 albi.

105 2848 152 2885 P.
173 2848 362 2893 Chabrcei,
385 2847 670 2892 Psclzawzz-um,
689 2847 927 2895 alpzyenum.

637 2926 656 2945 *
682 2926 702 2946 *
733 2928 870 2964 Flores
886 2928 982 2964 lutei
1000 2928 1065 2965 vel
1085 2928 1267 2966 virentes.

107 3008 155 3044 P.
171 3008 454 3056 palz'mbz'oz'des‚
475 3008 679 3054 Creticum,
698 3008 926 3045 Pz'sz'dz‘cum.
