2065 3236
225 176 292 212 18¹1
951 190 1232 218 mennmosAE.
1655 179 1928 233 Hz'ppocrepzs.

711 292 1057 341 Hippocliffl‘ls
1104 293 1166 355 (L.
1188 293 1287 343 Gen.
1316 294 1438 356 885).

280 418 414 474 Galyx
449 420 644 464 breviter
684 423 1013 477 campanulatus
1042 423 1246 467 dentibus
1278 424 1391 468 binis
1440 426 1743 481 superioribus
1794 428 1924 471 altius

219 480 428 522 connatis.
451 479 606 523 Carina
622 483 1090 525 acuminato—rostrata.
1128 482 1349 537 Legumen
1373 485 1823 539 plano-compressum
1845 498 1925 529 sae-

220 537 320 591 pius
346 542 573 582 arcuatum
602 541 797 594 margine
824 540 1051 594 superiore
1079 541 1132 583 ad
1161 544 1504 598 unumquodque
1537 556 1687 586 semen
1709 545 1924 599 profunde

221 600 426 640 excavato
457 598 503 640 in
527 598 730 641 articulos
766 600 871 642 ferri
903 599 1051 654 equini
1085 600 1221 643 forma
1258 602 1476 645 secedens.
1525 602 1698 645 Semina
1736 606 1923 647 arcuata.

222 679 277 684 —-
298 655 456 699 Herbae
481 657 594 700 foliis
611 658 667 699 im
674 659 976 712 paripiunatis,
1004 657 1188 703 floribus
1215 660 1354 703 flavis.

637 813 656 831 ⁸*
681 815 889 852 Perennes.
909 817 1135 862 Leguminis
1151 817 1263 854 sinus
1281 816 1358 853 late
1376 818 1511 865 aperti.

282 913 317 954 1.
352 912 415 955 H.
436 924 678 958 comosa
695 915 761 970 (L.
782 915 854 970 Sp.
880 915 1011 970 1050)
1027 915 1333 969 glabriuscula,
1356 915 1553 961 caulibus
1571 916 1926 971 ascendentibus,

218 971 477 1024 pedunculis
519 972 805 1017 umbelliferis
844 975 944 1017 folio
993 974 1275 1028 longioribus,
1316 976 1606 1030 leguminibus
1651 976 1926 1020 subarcuatis

217 1030 413 1084 margine
458 1030 664 1075 exteriori
708 1033 892 1085 sinuato,
942 1033 1166 1077 interioris
1202 1034 1388 1078 sinubus
1429 1034 1826 1079 semicircularibus
1863 1041 1924 1084 26.

217 1088 336 1143 Jacq.
365 1089 515 1132 Austr.
538 1092 623 1133 tab.
642 1092 741 1134 431.

263 1162 362 1199 Hah.
382 1164 421 1199 in
442 1168 573 1200 monte
592 1165 695 1202 Atho
715 1165 952 1202 Macedoniae
971 1168 1129 1212 (Griseb
1138 1169 1175 1213 l),
1204 1167 1389 1204 Parnassi
1407 1168 1564 1214 regione
1584 1167 1720 1215 alpina
1736 1167 1925 1213 (Heler.

261 1226 327 1262 Ar.
357 1226 487 1273 Geoqr.
514 1228 674 1275 Europa
690 1229 819 1266 media
852 1231 890 1266 et
918 1231 1103 1267 australis
1134 1230 1186 1266 ab
1212 1230 1358 1277 Anglia
1387 1233 1424 1267 et
1442 1230 1575 1267 Gallia
1598 1231 1649 1267 ad
1672 1231 1924 1267 Germaniam

216 1273 389 1310 mediam
409 1276 449 1310 et'
464 1275 723 1322 Hungariam.

278 1422 316 1463 2.
351 1422 416 1464 H.
451 1421 666 1478 glauca
688 1422 812 1478 (Ten.
839 1424 901 1466 Fl.
937 1423 1046 1477 Nap.
1075 1424 1129 1475 ΙΙ,
1157 1438 1195 1479 p.
1223 1424 1431 1476 165ftab.
1464 1424 1542 1478 69)
1568 1425 1778 1480 adpresse
1810 1426 1925 1468 hirta

215 1481 446 1534 cespitosa,
486 1483 744 1536 pedunculis
769 1482 1054 1526 umbelliferis
1078 1484 1176 1527 folio
1214 1485 1381 1538 2-3-plo
1423 1484 1705 1538 longioribus,
1747 1485 1927 1540 legumi-

218 1539 349 1582 nibus
385 1540 659 1584 subarcuatis
695 1542 891 1596 angustis
929 1544 1122 1596 margine
1159 1543 1364 1586 exteriori
1403 1543 1672 1587 subsinuatis
1704 1544 1926 1587 interioris

217 1598 402 1642 sinubus
429 1601 638 1653 elongatis
666 1601 1016 1655 superficialibus
1044 1608 1102 1650 36.

264 1672 366 1708 Hah.
387 1673 427 1708 in
445 1675 604 1720 regione
624 1677 814 1711 montana
831 1678 869 1711 et
889 1676 1026 1723 alpina
1049 1676 1222 1722 Graeciae,
1252 1687 1367 1712 mons
1397 1677 1541 1723 Delphi
1559 1676 1705 1713 Eubeae
1729 1678 1773 1722 (S
1802 1688 1875 1713 run
1889 1679 1927 1723 Ι),

217 1720 438 1756 Pentelicus
457 1721 617 1766 (Heldrl
650 1721 767 1769 Orph.
785 1722 842 1757 Fl.
862 1723 928 1758 Gr.
946 1734 1027 1759 exs.
1048 1724 1139 1769 101),
1161 1734 1275 1759 mons
1293 1723 1438 1760 Olenos
1456 1724 1719 1772 Peloponnesi
1737 1726 1752 1770 (
1794 1725 1926 1770 eldrl).

267 1781 415 1819 Plantae
437 1785 585 1820 Graecae
614 1784 816 1831 legumina
842 1797 920 1822 non
940 1787 1023 1823 vidi
1053 1788 1120 1823 sed
1139 1787 1192 1823 ob
1214 1787 1400 1823 indmner
1427 1799 1490 1823 um
1519 1790 1556 1824 et
1585 1788 1680 1824 folia
1697 1789 1927 1835 angustiora

216 1828 263 1866 H.
281 1830 439 1877 ylaucce
465 1832 761 1868 adnumeranda
789 1844 874 1870 esse
900 1834 1056 1870 videtur
1074 1845 1162 1882 quae
1184 1835 1236 1875 ab
1260 1834 1308 1871 H.
1336 1832 1495 1871 comosd
1521 1838 1662 1882 praeter
1686 1839 1798 1873 notas
1825 1836 1927 1872 indi-

215 1880 323 1913 catas
345 1878 561 1915 rhizomate
585 1881 713 1925 magis
731 1880 901 1926 lignoso,
918 1881 1025 1918 foliis
1043 1882 1276 1928 minorum,
1295 1882 1529 1929 pedunculis
1549 1883 1794 1919 tenuioribus
1811 1883 1920 1920 elon-

216 1926 320 1970 gatis
335 1927 402 1970 (an
431 1927 529 1962 satis
541 1928 575 1972 Τ)
601 1927 741 1963 differt.

261 1989 323 2025 Ar.
345 1990 475 2035 Geoqr.
496 1991 629 2026 Gallia
647 1992 843 2037 australis,
861 1992 984 2035 Italia,
1010 1993 1221 2029 Dalmatia.

455 2137 473 2155 ⁶
501 2138 519 2155 *
546 2140 712 2175 Annuae.
730 2139 960 2186 Leguminis
978 2141 1089 2177 sinus
1107 2140 1344 2177 subrotundi
1361 2143 1530 2188 anguste
1555 2140 1690 2189 aperti.

587 2221 629 2264 -l-
658 2220 823 2256 Articuli
841 2220 1101 2267 subquadrati
1118 2220 1228 2266 apice
1245 2220 1401 2257 dilatati
1418 2220 1561 2257 obtusi.

277 2321 316 2362 3.
352 2320 418 2362 H.
445 2320 854 2375 unisiliquosa
869 2320 936 2375 (L.
964 2320 1038 2374 Sp,
1063 2319 1194 2374 1050)
1217 2319 1524 2374 glabriuscula,
1540 2319 1737 2362 caulibus
1753 2318 1929 2361 decum-

214 2378 421 2422 bentibus
439 2379 724 2433 simplicibus,
742 2380 853 2422 foliis
870 2380 1078 2434 4-7-jugis
1098 2379 1253 2422 foliolis
1271 2378 1466 2421 cuneatis
1478 2377 1926 2432 oblongo-linearibus

216 2438 394 2487 retusis,
415 2437 598 2481 floribus
626 2438 879 2482 axillaribus
904 2439 1221 2481 subsessilibus
1249 2437 1454 2480 solitariis
1478 2438 1623 2480 rarius
1648 2436 1775 2479 binis.
1810 2437 1929 2490 legu-

215 2496 407 2540 minibus
433 2497 565 2540 reotis
592 2498 661 2540 vel
684 2497 970 2549 subarcuatis,
1009 2497 1249 2540 seminibus
1281 2497 1491 2539 annulum
1513 2496 1822 2550 incompletum
1842 2495 1929 2537 for-

217 2556 435 2599 mantibus
471 2556 633 2610 glabris
659 2557 803 2599 rarius
829 2557 1068 2611 papiliosiS,
1095 2555 1341 2598 interstitiis
1369 2556 1531 2609 glabris
1558 2555 1760 2598 nervosis
1774 2554 1836 2601 Θ.
1871 2552 1929 2596 Ie.

214 2614 277 2657 Fl.
304 2614 440 2658 Graec.
476 2615 560 2658 tab.
582 2617 679 2658 716.
705 2641 759 2646 -
784 2616 834 2658 H.
860 2627 1128 2668 monocarpa
1154 2615 1259 2657 M.B.
1284 2615 1414 2657 Taur.
1441 2613 1566 2657 Cauc.
1596 2613 1668 2666 111,
1691 2626 1729 2668 p.
1752 2614 1851 2656 480.

264 2689 367 2725 Hab.
392 2690 433 2725 in
463 2690 631 2726 collibus
659 2690 798 2725 Atticae
831 2689 1026 2736 (Sprunl),
1052 2687 1204 2724 Achaia
1227 2690 1266 2723 et
1298 2686 1561 2733 Archipelago
1591 2685 1762 2730 (Simu),
1788 2684 1928 2720 Rhodo

213 2736 416 2782 (Bourgl),
450 2737 637 2783 Bithynia
666 2736 871 2782 (Grisebl),
902 2736 1041 2771 Cilicia
1074 2735 1124 2771 ad
1150 2735 1323 2771 Mersina
1340 2734 1499 2780 (Bali),
1527 2734 1679 2769 Libano
1698 2731 1926 2778 (Ehrenbl)‚

214 2784 364 2820 Tauria
379 2789 418 2820 et
435 2795 547 2832 prov.
566 2784 788 2820 Caucasieis
806 2783 921 2829 (M.B.
940 2784 1062 2828 Stev)
1090 2782 1147 2818 Fl.
1171 2792 1272 2818 vere.

262 2846 381 2883 Sinus
412 2848 452 2883 in
480 2848 551 2883 hac
568 2848 697 2894 specie
720 2847 951 2894 saepissime,
979 2847 1048 2882 sed
1077 2856 1157 2882 non
1176 2855 1341 2893 semper,
1369 2844 1419 2880 ad
1444 2843 1549 2880 latus
1567 2851 1791 2880 convexum
1815 2840 1928 2887 legu-

215 2894 336 2930 minis
355 2898 542 2941 spectant.

261 2959 322 2994 Ar.
344 2958 476 3005 Geogr.
502 2958 625 3005 Regio
643 2958 930 2994 Mediterranea
949 2957 1115 3004 Europae
1134 2959 1171 2992 et
1188 2956 1328 2992 AIricae
1345 2955 1527 2992 borealis.
