2045 3227
124 201 279 241 Orobus.
825 208 902 237 LEG
908 211 1106 238 UMINOSAE.
1751 204 1821 240 621

121 281 497 365 Byzarimg'loeibth'
516 272 628 318 Wied
638 283 677 327 1),
696 281 854 317 Tauriae
875 283 911 317 et
929 291 1036 328 prov.
1055 282 1183 318 Trans
1201 283 1238 317 et
1272 280 1632 318 Ciscaucasicarum
1662 283 1812 329 (Ledeb

120 331 694 433 87,ῧῖῖέ’ρΙΒῖιῖἓΐιῗὲείοοειῑίοηθ
713 383 909 429 nigrescit.

164 450 226 486 Ar.
247 449 380 495 Geoqr.
400 448 558 496 Europa
574 450 657 484 fota
674 458 697 483 a
713 447 976 483 scandinavia
991 446 1042 483 ad
1068 446 1250 483 Bossiam
1265 446 1448 492 mediam,
1466 447 1506 482 in
1524 449 1686 483 austral.
1708 457 1820 484 mon-

120 500 246 535 tanus.

702 614 753 660 b.)
776 615 888 651 Folia
905 615 1038 651 omnia
1060 614 1234 660 unijuga.

182 704 247 745 12.
283 702 343 746 Ο.
369 701 647 746 hirsutus
675 702 741 757 (L.
782 702 853 756 Sp.
886 701 1019 756 1027)
1047 702 1237 745 molliter
1263 706 1306 746 et
1342 706 1490 758 patule
1515 705 1824 759 piloso-hirsw

118 765 189 805 tus
217 762 285 804 vel
304 761 540 815 glabratus,
576 762 812 804 rhizomate
844 764 1024 815 repente
1047 761 1170 803 fibris
1204 762 1494 817 filiformibus,
1528 765 1724 807 caulibus
1755 779 1823 809 as-

118 821 402 865 cendentibus
425 820 631 863 tenuibus
654 820 869 874 angulatis
896 820 988 863 basi
1015 820 1216 873 ramosis,
1239 823 1391 865 foliolis
1409 824 1596 878 unijugis
1617 824 1820 878 ellipticis

117 880 255 923 acutis
289 879 359 921 vel
380 879 636 922 acuminatis
658 880 816 934 petiolo
839 879 1193 933 subaequilongis‚
1221 881 1394 935 stipulis
1415 882 1508 926 basi
1539 887 1663 926 acute
1690 885 1818 926 semi-

117 939 329 993 sagittatis
356 938 556 992 ellipticis
578 939 834 981 acuminatis
862 939 1071 992 petiolum
1106 940 1395 993 aequantibus,
1438 942 1700 995 pedunculis
1723 944 1819 985 2-5-

116 998 238 1042 floris
259 997 356 1040 folio
380 997 748 1051 sublongioribus,
770 997 953 1040 floribus
975 997 1193 1047 secundis,
1222 999 1379 1053 calycis
1404 1001 1571 1045 laciniis
1589 1001 1821 1057 subaequa-

114 1057 229 1100 libus
254 1056 505 1099 lanceolatis
536 1056 793 1099 acuminatis
829 1056 981 1099 ciliatis
1016 1058 1121 1100 tubo
1163 1057 1295 1112 duplo
1335 1059 1619 1112 longioribus,
1661 1062 1821 1105 corolla

115 1115 527 1168 violaceo-coerulea,
556 1115 774 1169 legumine
809 1116 1021 1170 adpresse
1061 1116 1232 1159 hirsuto
1275 1117 1428 1160 lineari
1472 1123 1596 1163 acuto
1638 1132 1820 1165 sursum

116 1175 354 1219 subfalcalo
387 1177 443 1220 26.
472 1174 528 1216 Ic.
553 1174 615 1216 Fl.
642 1173 715 1217 Gr.
740 1175 826 1217 tab.
859 1176 957 1217 690.
983 1197 1040 1206 -
1081 1174 1129 1217 0.
1159 1175 1395 1228 lazciflorus
1423 1177 1541 1221 Desf.
1578 1178 1751 1232 Coroll.‚
1777 1194 1816 1234 p.

115 1235 185 1287 83,
207 1234 290 1276 tab.
320 1234 388 1275 63.
415 1258 471 1263 -
508 1232 634 1275 Lam.
664 1232 850 1276 inermis
881 1234 1012 1276 Roch.
1041 1234 1135 1277 Act.
1164 1234 1305 1288 Hung,
1337 1237 1463 1291 1834,
1489 1239 1574 1281 tab.
1619 1240 1659 1281 2.
1691 1263 1742 1269 —
1770 1239 1819 1282 L.

114 1292 299 1335 villosus
325 1292 440 1334 Friv.
463 1292 577 1335 Flor.
607 1293 733 1344 18367
759 1305 799 1347 p.
829 1293 931 1335 437.

160 1366 260 1402 Hab.
280 1367 320 1401 in
334 1365 536 1412 sylvaticis
553 1366 724 1411 regionis
742 1368 941 1402 montanae
958 1366 1122 1402 Graeciae
1137 1367 1257 1403 totius
1274 1367 1406 1412 (Boiss
1426 1370 1434 1402 !
1459 1368 1606 1406 Heldr!
1625 1370 1745 1418 Orph.
1761 1371 1819 1408 Fl.

113 1413 179 1450 Gr.
200 1424 278 1449 exs.
296 1413 411 1458 5701),
440 1413 660 1449 Thessaliae
681 1413 871 1458 (Heldrl),
902 1413 1143 1449 Macedoniae
1174 1416 1212 1450 et
1235 1414 1414 1451 Thraoiae
1443 1417 1604 1460 (Griseb
1619 1420 1657 1464 l),
1692 1419 1817 1456 Cretae

113 1460 271 1507 (Heldrl
289 1459 436 1506 Raull),
454 1461 574 1497 totius
593 1460 789 1496 Anatoliae
807 1462 1026 1507 praesertim
1052 1461 1235 1497 littoralis
1255 1472 1279 1497 a
1296 1461 1487 1507 Byzantio
1517 1464 1568 1500 ad
1593 1465 1818 1512 Trapezun-

113 1510 192 1544 tem
212 1510 249 1544 et
266 1508 436 1544 Pontum
463 1508 647 1543 Lazicum
672 1508 736 1543 alt.
754 1507 860 1543 6000’
879 1508 970 1553 (Bal
983 1509 1009 1552 l)
1035 1510 1074 1544 et
1096 1519 1121 1543 a
1138 1508 1330 1554 Bithynia
1347 1513 1386 1545 et
1404 1510 1530 1556 Lydia
1557 1513 1607 1548 ad
1637 1513 1819 1550 Ciliciam

113 1554 203 1600 (Bal
217 1556 254 1600 1),
270 1555 382 1600 Syria
401 1555 563 1591 littorali
579 1555 621 1590 in
638 1557 770 1591 monte
789 1556 943 1590 Amano
963 1555 1089 1601 (Kys),
1108 1555 1249 1592 Cassio
1267 1556 1399 1601 (Boiss
1411 1558 1447 1603 1),
1466 1557 1620 1595 Libano
1645 1560 1821 1607 (Gaius),

113 1602 259 1638 Tauria
276 1606 314 1638 et
329 1612 441 1649 prov.
463 1602 800 1638 Transcaucasicis
819 1602 968 1646 (szowz
987 1603 1078 1638 Hoh
1094 1604 1132 1648 Ι),
1150 1604 1285 1639 Persia
1302 1604 1383 1640 bor.
1403 1606 1607 1642 maritima
1624 1618 1754 1655 usque
1769 1609 1820 1645 ad

113 1660 225 1697 prov.
247 1649 468 1686 Asterabad
485 1649 636 1695 (Buhse
651 1650 659 1685 l
676 1649 813 1696 Bunge
828 1651 865 1694 l).
884 1650 942 1685 Fl.
961 1649 1052 1696 Mai,
1070 1650 1159 1685 Jun.

176 1775 241 1816 13.
276 1773 333 1817 Ο.
361 1773 626 1832 εεζίοθιιε
652 1772 813 1829 (Boiss.
842 1776 886 1816 et
916 1772 1028 1827 Bal.)
1056 1773 1267 1827 adpresse
1296 1774 1496 1817 hIrsutus
1520 1776 1823 1831 subsericeus,

112 1833 347 1877 rhizomate
373 1835 568 1886 repente,
594 1833 791 1875 caulibus
819 1833 974 1875 erectis
1002 1833 1141 1875 firmis
1168 1833 1398 1887 angulatis,
1443 1834 1601 1877 foliolis
1623 1837 1826 1891 uniJugis

112 1893 361 1935 lanceolatis
388 1891 653 1935 acutissimis
677 1892 942 1936 5-7·nerviis
974 1892 1132 1946 petiole
1159 1893 1378 1947 subduplo
1416 1893 1700 1948 longIOribus,
1744 1897 1821 1938 sti-

112 1951 229 2006 pulis
251 1951 345 1994 basi
371 1954 495 1994 acute
521 1951 843 2005 semisagittatis
884 1950 1133 1994 lanceolatis
1170 1952 1308 1995 acutis
1346 1952 1504 2006 petiole
1529 1954 1822 2008 sublongiori-

112 2010 210 2062 bus,
237 2011 496 2065 pedunculis
524 2010 742 2053 3-5·ssoris
774 2009 875 2052 folio
899 2010 1268 2064 sublongioribus.
1298 2011 1482 2054 floribus
1509 2014 1728 2067 secundis,
1753 2026 1820 2057 ca-

110 2069 219 2124 lycis
256 2070 468 2124 adpresse
505 2069 665 2112 hirsuti
698 2069 864 2111 laciniis
903 2069 1233 2124 subaequalibus
1268 2071 1518 2113 lanceolatis
1560 2074 1818 2117 acuminatis

110 2128 216 2172 tubo
244 2128 375 2183 duplo
397 2127 681 2182 longioribus,
708 2128 866 2171 corolla
889 2128 1313 2181 violaceo-coerulezi,
1348 2130 1566 2183 legumine
1603 2131 1815 2187 adpresse

110 2189 353 2231 tomentoso
389 2187 544 2230 lineari
568 2199 748 2230 sursum
783 2187 857 2230 vix
885 2187 1067 2230 incurvo
1099 2192 1158 2234 26.
1199 2186 1244 2231 0.
1276 2187 1482 2230 Mrszctus
1520 2201 1614 2231 var.
1652 2191 1820 2233 seri-cea

112 2246 252 2289 Boiss.
278 2247 324 2289 in
346 2247 426 2300 Ky.
454 2247 513 2301 pl.
538 2257 629 2288 exs.

160 2312 262 2349 Hah.
287 2313 337 2349 ad
354 2312 587 2349 Tchomakli
605 2312 653 2348 ad
671 2312 786 2348 basin
803 2313 949 2348 montis
980 2313 1111 2359 Argaei
1138 2314 1179 2349 in
1199 2314 1447 2361 Cappadocia
1465 2314 1554 2361 (Ky.
1577 2325 1657 2350 exs
1683 2315 1818 2363 SuppL

111 2359 226 2405 2261),
256 2360 294 2396 in
315 2360 501 2396 Armenia
545 2370 638 2407 rope
666 2359 853 2395 Erzerum
871 2360 1045 2406 (Calvo,
1074 2361 1115 2396 in
1142 2361 1313 2398 collibus
1342 2361 1520 2398 herbosis
1544 2363 1662 2399 Ponti
1691 2363 1820 2400 Lazici

111 2417 232 2454 prope
251 2407 387 2453 Djimil
405 2407 470 2443 alt.
588 2407 595 2420 ’
614 2406 706 2452 (Bal
720 2408 757 2452 1).
776 2407 834 2442 Fl.
853 2407 943 2443 Jun.
966 2407 1042 2443 Jul.

160 2462 194 2497 A
209 2460 255 2498 L.
274 2460 424 2498 hirsuto
442 2461 586 2497 foliolis
604 2461 730 2496 multo
749 2461 995 2508 longioribus
1013 2462 1357 2508 etangustioribus
1377 2464 1396 2499 1
1412 2463 1607 2511 ¹s2-2-poll.
1634 2464 1764 2511 longis
1781 2465 1822 2502 3-

111 2507 234 2592 {11:311
234 2509 337 2592 Isatis,
354 2509 584 2545 indumento
603 2508 792 2555 adpresso
809 2518 879 2544 nec
897 2509 1045 2557 patulo,
1062 2509 1262 2555 legumine
1284 2512 1504 2547 tomentoso
1533 2512 1710 2558 specifice
1740 2513 1821 2549 dis-

112 2687 132 2705 *
182 2687 201 2705 *
250 2688 363 2724 Folia
382 2698 568 2735 suprema
594 2687 791 2724 interdum
817 2687 1133 2735 impar-ipinnata.
1166 2688 1323 2724 Corolia
1348 2688 1582 2725 ochroleuca
1609 2690 1673 2726 vel
1702 2690 1819 2727 lutea.

176 2789 241 2830 14.
276 2787 333 2831 Ο.
360 2798 582 2831 aureus
601 2786 738 2842 (Stev.
766 2786 812 2829 in
838 2786 930 2829 Ind.
954 2786 1013 2828 ΙΙΙ
1038 2786 1163 2829 Hort.
1185 2788 1362 2841 Petrop.
1393 2789 1518 2841 1837,
1543 2801 1583 2842 p.
1609 2789 1686 2843 42)
1722 2802 1821 2833 cau-

113 2846 227 2889 libus
256 2847 468 2900 angulatis
492 2846 662 2899 erectis,
691 2846 804 2888 soli1s
827 2846 1037 2900 ali-jugis
1065 2847 1288 2899 supremis
1317 2847 1540 2889 interdum
1564 2848 1819 2903 imparipin-

112 2905 240 2958 natis,
263 2905 420 2950 foliolis
446 2905 601 2959 amplis
634 2905 774 2947 ovatis
805 2905 874 2947 vel
900 2905 1247 2959 ovato-oblongis
1275 2906 1415 2948 acutis
1456 2907 1523 2948 vel
1562 2908 1821 2950 acuminatis

115 2964 271 3007 subtus
297 2963 447 3007 nitidis
474 2967 517 3006 et
543 2964 598 3007 ad
623 2975 785 3007 nervos
812 2975 928 3018 saepe
954 2964 1198 3018 puberulis,
1229 2965 1404 3019 stipulis
1432 2966 1819 3020 semioblongo-sa-
