2015 3227
127 198 360 235 Anthrz'seus.
811 211 1115 240 UMBELLmERAE.
1737 211 1807 248 913

177 318 216 358 5.
250 315 312 358 A.
337 315 666 358 tenerrima
691 315 850 371 (Boiss.
874 321 917 360 et
938 318 1102 372 Sprun.
1128 319 1240 362 Ann.
1273 321 1338 364 Sc.
1370 322 1466 365 Nat.
1506 325 1633 375 1844,
1660 339 1696 379 p.
1733 328 1805 380 60)

117 374 313 417 caulibus
340 374 504 416 teneris
532 374 891 419 decumbentibus
920 377 1126 420 flexuosis
1159 381 1342 422 ramosis
1368 381 1552 434 glabris,
1580 384 1690 425 soliis
1724 386 1806 427 sub

120 435 235 476 lente
258 444 387 486 parce
414 433 619 475 setulosis
654 434 939 477 subternatim
978 436 1319 489 bipinnatisectis
1357 442 1590 493 segmentis
1631 443 1808 486 minutis

117 491 333 546 petiolatis
369 492 763 534 ovato-rotundatis
803 493 957 536 obtuse
995 495 1265 548 3-4-lobatis,
1304 497 1503 540 foliorum
1530 501 1807 553 superiorum

118 551 284 593 laciniis
307 550 456 603 paucis
480 550 732 603 linearibuS,
751 551 950 594 umbellis
968 553 1350 607 suboppositisoliis
1374 557 1566 599 breviter
1588 559 1808 611 peduncu-

115 609 214 652 latis
249 609 503 651 tenuissime
527 609 825 661 3-4-1·adiatis,
853 611 1095 654 involucelli
1123 613 1280 666 phyllis
1318 616 1341 656 5
1380 617 1517 659 ovatis
1543 619 1806 660 mucronatis

113 667 460 720 ciliatis„petalis
489 668 652 720 magnis
676 668 1137 723 oblongo-spathulatis
1167 684 1248 713 non
1279 673 1563 728 radiantibus,
1587 676 1805 728 pedicellis

119 727 292 769 demum
334 727 585 769 incrassatis
621 726 820 768 stellatim
863 728 1132 781 patentibus,
1177 731 1315 773 fructu
1358 733 1564 785 pedicello
1607 734 1806 777 breviore

116 786 299 838 oblongo
324 785 421 827 laevi
455 786 520 827 vel
546 785 680 827 dense
702 786 1216 840 tuberculato-aculeato,
1246 794 1388 832 rostro
1427 791 1617 834 obsolete
1644 794 1806 835 sulcato

114 845 371 898 mericarpio
394 844 623 898 quintuplo
648 843 863 897 breviore,
882 846 1154 898 stigmatibus
1189 847 1501 891 subsessilibus
1529 855 1594 900 Θ.
1615 851 1806 892 Scantin:

102 902 409 955 fumarioides
431 903 492 944 Fl.
518 903 662 956 Pelop.
689 915 728 956 p.
762 904 813 945 19
835 916 919 945 non
950 904 1014 946 W.
1044 906 1094 946 K.
1121 930 1176 935 —
1201 906 1252 947 A.
1278 907 1461 958 gracilis
1493 909 1657 963 llampe
1682 910 1806 952 Flora

117 963 242 1014 1842,
271 962 303 1015 l,
329 975 368 1016 p.
398 960 454 1003 64
477 961 653 1017 (nomen
673 961 849 1017 solum).

158 1035 260 1071 Hab.
279 1035 454 1082 gregarie
473 1035 573 1070 inter
591 1035 630 1070 la
659 1035 741 1070 ides
758 1036 929 1071 faucium
947 1037 1116 1082 regionis
1136 1041 1360 1083 montense,
1387 1041 1535 1075 Grtrcia
1559 1041 1595 1075 in
1620 1041 1806 1081 Hymetto

112 1081 285 1129 (Sprunl‚
306 1082 421 1118 Boiss
431 1084 467 1127 1),
486 1082 615 1117 insula
635 1082 803 1118 Calamis
828 1084 865 1118 et
882 1087 1034 1118 montes
1052 1095 1120 1130 pro
1134 1096 1169 1120 ie
1189 1085 1354 1120 Eleusin
1373 1087 1563 1131 (Heldrl),
1580 1080 1806 1122 Acrocorin-

111 1129 203 1165 thus
222 1129 391 1176 (Omni),
411 1130 612 1174 Taygetus
631 1140 749 1176 supra
765 1129 903 1165 Mistra
924 1130 1055 1174 (Boiss
1069 1133 1105 1175 l),
1168 1132 1279 1167 alevo
1300 1133 1480 1168 Laconiae
1505 1134 1628 1181 (Orph
1643 1137 1679 1179 l),
1698 1146 1807 1170 mon-

111 1178 168 1213 tes
186 1177 346 1213 Taktali
362 1179 400 1212 et
415 1176 575 1223 Sipylus
594 1187 714 1223 supra
731 1177 973 1222 Magnesiam
989 1178 1118 1222 (Boiss
1132 1181 1166 1223 l).
1189 1179 1244 1214 Fl.
1266 1179 1402 1225 Aprili¹

156 1239 415 1287 Semipedalis
435 1240 498 1275 vel
517 1239 690 1286 pedalis⁷
717 1240 814 1275 tolia
840 1241 1050 1276 tenerrima
1081 1242 1158 1277 fere
1192 1242 1419 1288 Sealz'sserz'w
1448 1243 1605 1279 Cretzcw
1629 1245 1694 1279 sed
1722 1255 1805 1287 seg-

110 1290 242 1322 menta
255 1288 425 1332 minora3
444 1287 495 1323 ab
513 1287 561 1322 A.
581 1287 742 1333 vulssarz‘
757 1288 937 1323 distincta
955 1290 1169 1333 segmentis
1188 1300 1267 1324 non
1285 1290 1508 1326 multitidis.
1537 1291 1674 1336 petalis
1695 1292 1804 1337 triplo

110 1334 327 1416 majolribus
346 1335 507 1380 integris
528 1344 606 1369 non
626 1335 882 1379 radiantibus.
903 1335 1028 1370 fructu
1048 1337 1278 1381 angustiore
1297 1338 1421 1382 magis
1441 1341 1619 1381 elongato
1637 1338 1658 1373 2
1680 1339 1718 1381 Ὗ.
1741 1338 1804 1373 lin.

110 1392 195 1418 clrc.
231 1392 343 1427 ongo.

169 1530 207 1570 6.
242 1528 305 1570 A.
347 1527 697 1570 Cerefolium
741 1527 918 1582 (Hoffm.
954 1526 1081 1569 Umb.
1125 1528 1192 1581 41)
1230 1529 1349 1570 caule
1387 1530 1505 1571 tenui
1542 1534 1683 1572 erecto
1724 1532 1804 1574 sub

112 1587 236 1630 nodis
263 1586 529 1631 tomcntello.
554 1586 665 1627 folii:
698 1587 855 1629 subtus
892 1586 945 1627 ad
977 1598 1134 1628 nervos
1166 1587 1293 1629 hirtis
1337 1588 1673 1641 bipinnatisectis
1715 1603 1802 1643 seg-

111 1647 269 1689 mentis
294 1645 431 1688 ovatis
456 1645 795 1699 pinnat.,1artitis
819 1645 971 1687 obtuse
993 1645 1162 1697 Iobatis,
1192 1647 1390 1688 umbellis
1418 1648 1666 1689 lateralibus
1702 1650 1804 1690 sub-

111 1705 339 1748 sessilibus
362 1705 662 1757 oppositit'oliis
689 1705 878 1746 tenuiter
901 1705 1194 1755 aes-radians,
1222 1705 1354 1746 radiis
1381 1705 1540 1758 glabris
1570 1707 1636 1747 vel
1661 1708 1800 1757 hirtis,

109 1763 357 1807 involucelli
381 1763 588 1805 dimidiati
608 1763 766 1816 phyllis
788 1764 858 1804 023
883 1763 1131 1805 lanceolatis
1150 1764 1315 1815 ciliatis,
1334 1764 1485 1817 petalis
1515 1765 1797 1809 radiantibus.

109 1824 253 1866 fructu
285 1821 438 1864 lineari
468 1821 674 1876 pedicello
701 1821 1023 1865 subincrassato
1058 1823 1252 1875 longiore
1290 1823 1386 1864 laevi
1420 1824 1488 1864 vel
1529 1825 1803 1876 muriculato,

110 1883 240 1925 sulcis
278 1881 411 1923 rostri
434 1881 620 1934 elongati
656 1881 874 1923 dimidiam
896 1882 961 1922 vel
983 1881 1149 1923 tertiam
1172 1884 1335 1935 partem
1364 1882 1607 1934 mericarpii
1628 1895 1799 1936 mquan-

108 1941 239 1991 tibus‚
269 1939 393 1993 stylis
421 1940 629 1993 elongatis
662 1945 727 1990 O.
759 1939 808 1981 [c.
837 1940 969 1981 Rchb.
1001 1939 1146 1981 Germ.
1177 1941 1259 1981 tab.
1290 1942 1415 1982 2028.
1440 1964 1495 1970 —
1516 1941 1708 1982 Scantias
1732 1944 1801 1983 Ce-

107 1999 321 2051 refolizmz
347 1999 390 2040 L.
418 1998 488 2052 Sp.
511 2000 607 2041 368.
631 2023 687 2029 ——
719 1997 1067 2051 Clzaerophglllmn
1090 1998 1282 2040 saltuum
1318 1999 1433 2041 Lam.
1461 2023 1518 2029 —
1554 1999 1682 2041 ,lulla
1720 2000 1801 2041 tri-

107 2058 362 2111 chospcrma
385 2057 545 2100 Schult.
575 2058 690 2111 Syst.
720 2058 791 2109 VI,
820 2059 902 2099 525
924 2057 1079 2112 (forma
1108 2058 1250 2099 fructu
1275 2058 1503 2112 aculeato).

152 2132 251 2167 Hah.
274 2131 373 2166 inter
392 2131 546 2166 frutices
565 2133 603 2166 et
619 2131 670 2165 ad
685 2141 806 2177 sepes,
826 2130 1011 2175 Bithynia
1030 2131 1095 2174 (ex
1120 2129 1285 2175 Forsk.)‚
1308 2130 1449 2165 Tauria
1475 2133 1512 2165 et
1530 2142 1636 2176 prov.
1657 2131 1799 2166 Cauca-

105 2179 195 2215 sicae
213 2179 389 2223 (Hohenl
410 2178 556 2213 Ledeb!
583 2178 765 2221 Raddel),
792 2178 977 2212 Armenia
1001 2177 1248 2212 occidentalis
1273 2176 1328 2220 (C.
1359 2177 1505 2221 Koch).
1537 2178 1796 2213 Tureomania

104 2226 274 2262 borealis
296 2225 470 2270 (Karel.)‚
488 2225 621 2260 Persia
640 2224 809 2260 borealis
827 2225 866 2259 in
882 2224 1073 2259 montosis
1095 2235 1212 2270 prope
1229 2224 1444 2259 Asterabad
1464 2224 1562 2269 (Bge
1577 2227 1610 2269 l).

151 2290 213 2325 Ar.
244 2289 375 2334 Geoqr.
395 2288 607 2324 Germania
623 2288 839 2333 orientalis,
858 2288 1068 2333 Dalmatia,
1082 2289 1187 2332 regio
1211 2287 1455 2327 Danubialis,
1473 2288 1607 2322 Bossia
1620 2288 1745 2323 media
1765 2291 1801 2322 et

104 2337 301 2379 australis,
319 2336 461 2370 Sibiria
474 2335 684 2371 Uralensis.
704 2336 747 2371 In
765 2336 921 2382 Europa
939 2335 1165 2370 occidentali
1183 2335 1484 2381 subspontanea.

173 2510 297 2553 Smer.
335 2510 391 2550 ΙΙ.
428 2507 654 2551 Canomsss.
673 2532 729 2540 —
750 2509 938 2550 Fructus
956 2507 1075 2560 apice
1100 2520 1188 2549 non
1214 2506 1445 2559 manifeste
1469 2509 1729 2548 attenuatus.

165 2622 202 2662 7.
237 2620 298 2663 A.
322 2617 612 2672 Kotschyi
633 2618 781 2672 (Fenzl
802 2619 844 2659 in
862 2619 942 2671 lt'y.
971 2618 1024 2671 pl.
1056 2618 1158 2659 1833
1178 2629 1266 2658 exs.
1288 2617 1369 2657 sub
1394 2615 1710 2669 Clewropltgsllo)
1727 2628 1797 2669 pe-

103 2679 253 2722 rennis
265 2679 428 2731 glabra,
447 2677 591 2719 radice
607 2677 813 2723 verticali.
833 2676 1027 2718 caulibus
1045 2675 1401 2717 decumbentibus
1430 2674 1640 2715 terelens·
1661 2675 1797 2716 tenni-

103 2739 186 2781 bus
204 2737 329 2779 abasi
353 2748 480 2790 parce
508 2737 706 2787 ramosis,
731 2736 840 2777 soliis
866 2735 1123 2777 radicalibus
1144 2733 1387 2775 numerosis
1410 2733 1610 2785 expansis
1634 2733 1793 2774 ambitu

102 2797 242 2839 ovatis
269 2794 609 2849 bipinnatisectis
634 2794 868 2847 segmentis
893 2794 1069 2835 minutis
1098 2792 1356 2846 petiolnlntis
1377 2792 1512 2832 ox‘atis
1549 2791 1585 2831 in
1625 2791 1796 2832 lacinias

103 2867 262 2910 paucas
287 2855 494 2908 ellipticas
520 2854 709 2905 integras
734 2853 799 2894 vel
824 2853 990 2894 trifidas
1018 2852 1198 2905 partitis.
1224 2851 1332 2891 soliis·
1359 2850 1538 2891 caulinis
1569 2849 1714 2901 paucis
1740 2851 1796 2890 ln-

103 2915 226 2957 ciniis
255 2912 492 2964 diminutis,
519 2912 719 2954 umbellis
743 2912 1009 2964 longiuscule
1039 2910 1334 2964 pedunculatis
1363 2909 1649 2949 *lA-:j-rzuliatis.
1674 2907 1794 2948 invo-

100 2971 247 3016 lucelli
269 2972 430 3026 phyllis
458 2972 528 3013 1-3
552 2970 789 3012 linearibus
821 2970 1025 3011 brevibus
1061 2969 1252 3011 deciduis
1287 2967 1469 3020 glabris,
1506 2966 1658 3019 petalis
1686 2966 1794 3007 albis

1608 3038 1655 3073 58
