1994 3211
95 202 168 239 942
795 208 1105 236 UMBELLIFERAE.
1605 200 1803 248 Pranyos.

143 300 292 336 Similis
310 298 356 334 P.
377 297 616 345 Zophopteroe
633 297 701 332 sed
719 296 900 332 scabrida
916 306 987 332 nec
1005 296 1155 342 glabra,
1173 295 1248 332 alae
1267 296 1430 332 seminis
1449 296 1640 333 diametro
1658 308 1804 343 angus-

96 348 215 383 tiores
235 346 401 381 sinubus
417 345 481 381 3-4
501 355 642 391 parum
657 343 862 390 profundis
883 343 1084 379 instructae
1102 344 1278 389 margine
1295 343 1497 379 undulatae
1513 346 1550 379 et
1559 347 1694 380 revera
1711 345 1804 381 den-

97 394 267 430 ticulatae
286 393 392 440 quod
407 392 450 428 in
467 391 514 427 P.
533 388 766 439 lophoptert‘i
783 401 862 426 non
880 391 1060 426 occurrit.

684 549 704 568 *
753 549 773 568 *
822 550 957 587 Petale·
975 551 1089 587 extus
1106 550 1219 586 hirta.

165 648 230 688 15.
263 645 322 687 P.
353 643 636 698 asperula
661 642 821 698 (Boiss.
866 643 1018 696 Diagn.
1057 642 1154 685 Ser.
1191 642 1223 696 I,
1259 643 1327 695 10,
1360 656 1400 697 p.
1431 641 1509 698 54)
1545 645 1667 687 caule
1694 646 1806 688 elato

101 705 301 759 angulato
329 703 527 757 opposite
549 705 591 744 ct
618 701 994 744 subverticillatim
1020 714 1208 753 ramoso,
1240 701 1353 744 foliis
1390 702 1564 756 papillis
1595 703 1805 747 brevibus

98 764 210 806 albis
229 762 459 816 asperulis‚
478 760 740 803 radicalibus
763 761 930 803 ambitu
950 761 1105 814 amplis
1129 761 1324 814 oblongis
1346 761 1388 803 in
1417 761 1593 804 lacinias
1616 761 1806 805 lineares

100 823 259 865 breves
286 820 730 875 supradecompositis
747 853 759 872 ,
796 819 1067 862 caulinorum
1094 819 1261 861 laciniiS
1290 819 1581 871 longioribus,
1604 821 1806 864 umbellis

98 882 226 936 longe
276 879 624 929 10-12-radiatis,
666 879 883 921 involucri
926 880 970 920 et
1011 878 1260 921 involucelli
1303 879 1467 933 phyllis
1514 879 1805 934 filiforrnibus‚

98 941 244 983 fructu
271 940 470 993 oblongo,
493 938 572 980 alis
596 937 778 980 rubellis
801 949 955 991 grosse
985 937 1210 980 undulatis
1248 938 1427 981 seminis
1453 937 1664 981 diametro
1686 939 1809 981 latio-

99 999 224 1042 ribus
260 1006 319 1047 26.

146 1073 246 1108 Hal).
269 1073 309 1107 in
328 1071 496 1107 collibus
515 1071 552 1105 et
570 1069 685 1105 cultis
713 1069 882 1114 regionis
910 1071 1109 1105 montanae
1126 1069 1269 1105 Libani
1293 1080 1413 1116 prope
1430 1069 1539 1106 Eden
1559 1070 1734 1116 (Boiss!)‚
1757 1071 1807 1107 ad

100 1120 226 1163 Dsurd
246 1119 374 1154 Hadet
394 1118 508 1162 (ΒΜ),
535 1117 688 1152 Libano
714 1116 911 1162 Berytheo
936 1118 973 1152 et
998 1116 1221 1152 Sidoniensi
1247 1117 1414 1163 (Gailll).
1442 1117 1499 1152 Fi.
1527 1118 1617 1153 Mai.
1643 1118 1808 1155 Arabice

101 1131 226 1203 Fc¹2ras
245 1167 293 1203 ed
310 1165 428 1202 Daba
445 1165 485 1199 id
505 1167 564 1199 est
581 1164 705 1199 lectus
723 1163 887 1209 Hyenae.

149 1214 261 1250 Folia
288 1213 473 1248 radicalia
501 1210 791 1264 sesquipedalia
821 1211 975 1246 laciniis
994 1211 1050 1247 eis
1072 1211 1121 1246 P.
1141 1210 1353 1251 (erulaceae
1369 1212 1502 1246 minus
1519 1212 1705 1247 tenuibus
1722 1212 1811 1249 6-18

102 1260 226 1297 lineas
246 1261 386 1305 longis,
404 1259 634 1304 niericarpia
650 1258 737 1293 8-10
756 1258 881 1293 lineas
910 1258 1029 1304 longa
1055 1258 1129 1294 alis
1155 1258 1215 1293 bis
1242 1259 1306 1294 vel
1332 1260 1390 1294 ter
1414 1260 1566 1294 tantum
1594 1260 1807 1296 undulatis.

100 1308 253 1355 Species
272 1309 372 1342 inter
389 1307 524 1341 affines
542 1305 695 1341 laciniis
713 1305 896 1341 foliorum
916 1306 1164 1342 caulinorum
1183 1306 1376 1352 elongatis
1396 1305 1591 1342 distincta.

160 1376 203 1430 β.
237 1377 498 1427 stcnoptera.
531 1398 582 1403 —
612 1372 703 1415 Alae
728 1372 896 1415 fructus
924 1375 1118 1426 angustae
1145 1373 1340 1415 obsolete
1363 1373 1598 1415 undulatae.

150 1451 251 1486 Hal).
273 1450 312 1485 in
332 1449 483 1484 Libano
502 1458 621 1495 prope
639 1446 769 1482 Hadet
784 1446 895 1492 (Bll).

165 1598 231 1638 16.
264 1595 302 1633 Ρ
349 1591 746 1648 odontoptera
779 1593 939 1651 (Boiss.
981 1594 1094 1636 Ann.
1135 1593 1200 1636 Sc.
1240 1593 1335 1635 Nat.
1379 1595 1507 1647 1844,
1540 1607 1579 1648 p.
1615 1595 1688 1650 78)
1713 1597 1801 1637 tota

103 1656 294 1709 crispule
318 1653 580 1705 tomentella,
607 1652 727 1695 caule
748 1653 901 1696 humili
929 1654 1186 1707 corymbose
1214 1653 1525 1705 ramosissimo,
1553 1654 1667 1696 foliis
1690 1653 1806 1696 radi-

103 1715 268 1757 calibus
293 1712 456 1755 ambitu
483 1711 678 1765 oblongis
704 1712 1048 1766 bipinnatisectis
1076 1712 1311 1766 segmentis
1338 1712 1549 1755 brevibus
1575 1713 1619 1755 in
1647 1713 1807 1755 lacinu-

103 1773 167 1816 las
194 1775 352 1816 breves
375 1771 752 1814 lineari-cuneatas
781 1771 1096 1814 crassiusculas
1121 1772 1298 1814 obtusas
1323 1771 1680 1825 pinnatipartitis‚
1711 1784 1810 1814 cau-

104 1832 292 1875 linorum
318 1831 485 1874 laciniis
512 1830 789 1884 paucioribus
813 1830 1037 1884 elongatis,
1068 1830 1268 1873 umbellis
1296 1830 1617 1884 pauciradiatis2
1639 1831 1810 1874 involu-

104 1892 167 1934 cri
193 1895 234 1933 et
260 1889 508 1933 involucelli
536 1889 696 1943 phyllis
728 1890 1227 1932 lanceolato-linearilms
1254 1889 1478 1941 brevibus,
1505 1890 1651 1932 fructu
1684 1892 1809 1933 ovato

105 1951 314 2004 pcdicello
343 1950 475 2003 duplo
504 1949 711 2001 longiore,
739 1949 816 1991 alis
842 1949 983 1991 roseis
1010 1949 1185 1991 omnino
1213 1948 1553 1990 membranaceis
1588 1961 1740 2003 grosse
1767 1951 1810 1991 et

107 2010 234 2052 valde
261 2007 484 2051 undulaiis
509 2010 632 2050 acute
656 2008 1083 2050 eroso-denticulatis
1120 2007 1298 2050 seminis
1327 2007 1537 2050 diametro
1562 2008 1811 2051 sublatiori-

104 2068 202 2122 bus,
220 2068 441 2110 vaileculis
465 2067 626 2120 glabris
650 2068 717 2109 vel
739 2066 905 2109 minute
922 2067 1207 2110 tuberculatis
1234 2070 1278 2109 et
1294 2066 1515 2109 interdum
1534 2068 1612 2110 alis
1636 2079 1811 2122 quoque

104 2129 185 2171 sub
213 2129 327 2170 lente
356 2138 483 2180 parce
511 2126 928 2179 viscido-hispidulis
962 2132 1020 2174 ΖΔ.

150 2202 253 2236 Hah.
272 2201 313 2236 in
332 2201 463 2235 Tauro
476 2202 492 2235 ⁶?
510 2201 576 2244 (ex
594 2199 715 2235 Auch.
741 2198 839 2235 3589
856 2210 905 2235 ex
924 2201 1050 2282 parte!
1069 2200 1136 2235 sed
1154 2199 1315 2246 probab.
1345 2209 1473 2235 errore
1492 2198 1688 2235 schedulae
1707 2201 1744 2234 et
1761 2209 1811 2234 ex

102 2248 235 2284 Persia
256 2248 466 2292 oriundal),
485 2248 523 2283 in
543 2247 675 2282 Persia
693 2257 812 2294 prope
832 2246 923 2293 Ispa
954 2257 1004 2282 an
1023 2249 1059 2282 et
1076 2247 1177 2282 inter
1195 2247 1374 2282 Teheran
1393 2251 1431 2282 et
1449 2247 1592 2282 Tabris
1610 2247 1754 2292 (Egel).

148 2295 312 2335 pedalis,
335 2295 486 2330 laciniae
506 2293 690 2330 foliorum
720 2294 1003 2341 sesquilineam
1029 2293 1170 2340 longae,
1201 2294 1433 2340 mericarpia
1450 2293 1514 2329 8-9
1536 2294 1660 2329 lineas
1680 2294 1813 2339 longa,

104 2342 177 2378 alze
196 2343 219 2378 2
239 2343 279 2387 ’βα
299 2342 425 2377 lineas
444 2342 546 2377 latae.

162 2408 206 2461 β.
241 2406 455 2458 conferta.
486 2430 539 2435 ·—
561 2406 782 2449 Foliorum
815 2406 1010 2461 petioluli
1045 2407 1170 2450 valde
1196 2406 1436 2450 abbreviati
1461 2409 1503 2448 et
1523 2405 1688 2448 laciniae
1714 2417 1812 2447 con-

104 2467 364 2516 fertissimae,
385 2466 555 2508 fructus
590 2466 732 2508 minor
761 2466 840 2508 alis
872 2465 1214 2520 angustioribus.
1245 2490 1297 2496 -
1323 2465 1371 2506 P.
1407 2464 1638 2517 ovatifolia
1665 2464 1808 2506 Boiss.

105 2526 219 2567 Ann.
247 2525 312 2567 Sc.
340 2524 441 2566 Nat.
478 2524 605 2575 1844,
629 2537 670 2578 p.
702 2526 769 2567 79.

158 2599 259 2634 Hab.
278 2599 318 2633 in
337 2599 470 2633 Persia
488 2599 627 2643 (Auch.
646 2598 715 2634 loc.
734 2609 813 2634 non
832 2600 999 2652 notato).

153 2662 293 2698 Diss'ert
318 2673 339 2697 a
369 2664 465 2708 typo
497 2662 681 2697 foliorum
709 2662 860 2698 lamina
889 2662 1017 2708 magis
1047 2663 1241 2698 contracta
1265 2660 1454 2707 breviore,
1486 2659 1726 2706 mericarpiis
1743 2657 1808 2695 5-6

105 2709 231 2745 lineas
249 2710 405 2744 tantum
423 2709 550 2756 longis
567 2710 772 2755 angustius
791 2709 917 2745 alatis.

172 2859 235 2899 17.
269 2855 326 2897 P.
347 2855 622 2899 Szovitzii
666 2855 827 2911 (Boiss.
873 2855 985 2898 Ann.
1026 2856 1092 2899 Sc.
1135 2856 1229 2898 Nat.
1268 2856 1393 2908 1844,
1426 2868 1465 2909 p.
1504 2855 1578 2911 78)
1612 2856 1813 2909 crispule

107 2916 309 2958 villosula
335 2916 518 2966 cinerea,
561 2915 680 2957 caule
722 2915 874 2957 humili
906 2915 1160 2969 corymbose
1191 2926 1376 2965 ramoso,
1405 2915 1518 2957 foliis
1551 2915 1813 2957 radicalibus

104 2976 310 3028 expansis
337 2973 499 3016 ambitu
526 2974 867 3027 triangularibus
893 2974 1249 3028 tripinnatisectis
1278 2974 1512 3028 segmentis
1534 2973 1744 3016 brevibus
1766 2973 1813 3016 in
