2045 3227
117 223 358 271 Astraqalus
375 223 544 268 (LXXV.
563 223 794 268 Proselius).
893 232 1172 259 LEGUMINOSAE.
1761 227 1831 262 473

108 308 228 363 jugis
255 307 393 349 ovatis
420 306 587 348 obtusis
614 307 684 348 vel
711 307 1007 359 acutiusculis,
1030 306 1170 358 scapis
1194 305 1533 348 ascendentibus
1562 306 1675 348 foliis
1697 309 1831 361 aequi—

117 366 253 420 longis
270 366 339 407 vel
358 365 725 418 sublongioribus,
746 366 929 407 bracteis
950 364 1146 417 oblongis
1164 364 1370 417 pedicello
1390 364 1520 418 duplo
1542 365 1827 419 longioribus

119 424 273 478 calycis
305 424 514 477 adpresse
548 424 794 477 nigro-hirti
823 424 1026 466 dentibus
1050 423 1153 465 tubo
1178 423 1308 476 triplo
1342 424 1642 477 brevioribus,
1669 426 1826 468 corolla

117 484 378 526 violascente
405 483 548 535 calyce
581 483 679 535 plus
706 483 839 536 duplo
863 483 1078 535 longIOre.
1123 482 1268 523 vexilli
1307 482 1464 524 lamina
1491 481 1822 537 ovato-oblonga

113 542 235 596 apice
261 541 306 583 in
332 541 613 595 appendicem
636 542 914 584 lanceolatam
938 542 1137 584 obtusam
1171 544 1410 591 attenuata,
1442 543 1520 583 alis
1548 542 1826 596 lineari-spa-

115 601 293 643 thulatis
319 600 484 642 modice
513 600 665 653 gibbis,
695 600 980 654 leguminibus
1008 601 1165 642 erectis
1193 600 1405 653 adpresse
1431 601 1638 643 setulosis
1675 601 1823 643 tuber-

115 660 499 713 culoso-asperulis
523 659 615 700 basi
647 660 882 702 attenuatis
907 660 1290 712 oblongo-clavatis
1316 660 1510 702 incurvis
1532 660 1700 701 obtusis
1729 661 1825 702 bre-

115 718 228 760 viter
258 722 302 760 et
336 721 453 760 recte
482 720 748 761 mucronatis
778 717 908 761 dorso
942 731 1134 760 convexo
1164 718 1430 760 subsulcatis
1455 723 1609 760 ventre
1636 731 1822 761 concavo

116 777 361 819 rotundatis
395 783 453 824 26.
482 777 535 818 A.
566 776 754 819 incanus
792 777 851 819 Fl.
888 776 1023 819 Graec.
1062 778 1148 819 tab.
1200 778 1296 819 7302.
1325 777 1569 820 ——Griseb
1610 778 1755 832 Spicil.
1791 778 1822 831 Ι,

114 848 155 890 p.
184 837 255 888 60,
276 848 361 878 non
385 835 430 877 L.

161 909 263 944 Hah.
283 909 506 945 in'collibus
525 910 662 945 Atticae
681 909 844 956 (Sprunl
859 910 992 945 Boissl
1012 910 1178 953 Heldrl),
1194 910 1434 945 Macedoniae
1453 910 1611 956 (Frivl),
1624 911 1823 956 Bithyniae

112 956 269 1001 (Pestal.
289 967 336 991 ex
355 957 537 1002 Griseb),
554 957 593 992 in
614 957 822 993 maritimis
842 958 970 993 Rhodi
989 958 1176 1002 [Heldr!),
1196 958 1331 992 Naxos
1350 957 1499 1002 (oliv.)

172 1021 216 1076 β.
248 1021 491 1064 Thessalas.
513 1048 567 1053 ——
593 1023 784 1065 Bracteae
809 1023 1099 1071 abbreviatze,
1137 1023 1339 1064 vexillum
1376 1024 1520 1065 minus
1556 1024 1678 1076 longe
1715 1026 1822 1066 atte-

113 1084 308 1134 nuatum,
337 1082 534 1134 legumen
570 1082 855 1136 cylindricurn
881 1083 1057 1124 tenuius
1092 1094 1179 1123 non
1208 1083 1421 1124 clavatum
1450 1082 1616 1135 longius
1655 1096 1823 1126 mucro-

112 1143 274 1182 natum.
301 1165 355 1169 —
372 1140 421 1182 A.
447 1140 681 1183 Thessalas
706 1141 843 1183 Boiss.
870 1142 1020 1194 DIagn.
1046 1141 1136 1183 Ser.
1167 1141 1197 1184 Ι,
1221 1142 1260 1182 02.
1287 1154 1325 1194 p.
1355 1142 1420 1182 80.

159 1213 260 1249 Hah.
279 1214 319 1249 in
339 1215 549 1251 Thessalia
566 1215 707 1259 (Auch.
728 1215 820 1251 1347
834 1216 873 1260 ἵ).

157 1277 311 1324 Species
332 1279 496 1325 pulchra
512 1279 560 1314 A.
579 1280 740 1315 incurvo
758 1279 863 1314 Desf.
882 1280 1009 1324 magis
1032 1290 1151 1325 quam
1170 1281 1219 1314 A.
1242 1279 1382 1315 z‘ncano
1401 1278 1588 1317 L.affinis
1613 1279 1680 1314 sed
1706 1279 1756 1314 ab
1775 1289 1819 1314 eo

113 1324 277 1361 floribus
292 1326 509 1372 majoribus
527 1329 565 1362 et
581 1327 782 1373 legumine
800 1327 909 1373 apice
928 1337 1006 1362 non
1024 1326 1182 1362 hamato
1198 1326 1391 1362 distincta.

170 1489 269 1530 690.
307 1489 368 1532 Α.
393 1488 667 1532 clavatus
701 1489 800 1543 (nc.
826 1488 943 1531 Astr.
978 1497 1024 1530 110
1060 1489 1154 1530 127.
1182 1488 1264 1529 tab.
1291 1489 1366 1539 44,
1397 1489 1503 1529 excl.
1533 1501 1623 1530 var.
1651 1488 1717 1543 β.)
1742 1489 1821 1530 ad-

111 1559 264 1600 presse
293 1559 441 1599 canus,
467 1548 625 1590 foliolis
659 1550 763 1590 6-10
788 1549 925 1590 ovatis
954 1547 1281 1598 mucronulatis,
1314 1547 1455 1601 scapis
1484 1548 1582 1590 folio
1615 1548 1818 1601 longiori—

110 1605 207 1655 bus,
232 1608 413 1649 racemis
431 1607 627 1660 oblongis
646 1608 856 1661 elongatis
879 1607 1146 1650 laxiusculis.
1161 1606 1348 1648 bracteis
1368 1607 1628 1660 pedicellum
1645 1619 1820 1661 aequan-

106 1665 240 1713 tibus,
288 1666 445 1720 calycis
485 1666 695 1719 adpresse
740 1667 835 1708 albo
881 1670 923 1708 ct
966 1666 1215 1719 nigro-hIrti
1264 1665 1469 1708 dentibus
1517 1666 1621 1708 tubo
1649 1667 1818 1720 4-5-plo

110 1724 401 1771 brevioribus,
429 1726 589 1768 corolla
615 1726 876 1768 flavescente
901 1726 1043 1779 calyce
1071 1725 1200 1778 duplo
1230 1724 1437 1778 longiore,
1474 1725 1621 1767 vexilli
1658 1726 1816 1767 lamina

110 1795 300 1837 superne
328 1786 549 1826 attenuata
585 1786 871 1837 acutiuscula,
896 1784 1186 1838 leguminibus
1216 1788 1371 1826 erectis
1404 1784 1566 1837 glabris
1591 1783 1683 1826 basi
1711 1787 1818 1826 atte-

110 1843 254 1885 nuatis
290 1844 642 1886 lineari-clavatis
681 1844 960 1887 subincurvis
988 1845 1132 1897 calyce
1163 1843 1393 1897 quintuplo
1423 1844 1689 1896 longioribus
1722 1844 1816 1885 bre-

108 1901 219 1943 viter
257 1903 524 1946 mucronatis
571 1906 722 1946 ventre
757 1915 942 1946 concavo
981 1904 1055 1944 vix
1089 1902 1292 1944 carinatis
1329 1903 1458 1945 dorso
1495 1914 1685 1945 convexo
1711 1903 1814 1945 sub-

108 1961 287 2003 sulcatis
322 1968 381 2010 26.

155 2034 256 2070 Hal).
276 2035 316 2070 in
334 2035 521 2071 Armeni-[t
539 2037 713 2080 (Tourn.,
732 2036 856 2071 Auch.
879 2036 972 2072 1339
987 2046 1033 2071 ex
1052 2038 1162 2083 parte
1178 2038 1216 2081 1).

154 2097 306 2133 Foliola
322 2099 387 2134 5-ss
403 2099 528 2134 lineas
548 2101 586 2134 et
603 2099 775 2146 amplius
793 2099 924 2145 longa,
940 2110 1116 2135 racemus
1134 2099 1157 2135 3
1176 2099 1337 2146 pollices
1364 2102 1401 2134 et
1428 2099 1602 2134 fructifer
1618 2100 1642 2134 ὁ
1660 2098 1816 2144 longus,

108 2144 221 2180 ssores
239 2155 318 2181 non
337 2146 431 2191 vidi,
459 2146 643 2191 legumen
674 2157 763 2182 cum
790 2157 977 2182 mucrone
1011 2147 1089 2182 fere
1122 2147 1310 2193 pollieare
1340 2157 1506 2192 superne
1538 2146 1818 2192 sesquilineam

104 2191 244 2227 latum.
261 2193 406 2228 Planta
428 2194 597 2229 florifera
615 2194 709 2229 facie
735 2194 786 2229 A.
807 2194 956 2230 cinereo
991 2195 1132 2229 similis
1159 2195 1315 2229 videtur
1345 2194 1413 2229 sed
1440 2194 1566 2229 fructu
1597 2193 1817 2229 diversissi-

109 2249 189 2284 ma;
207 2241 355 2286 species
374 2241 575 2287 legumine
594 2241 832 2287 glaberrimo
853 2244 890 2277 et
912 2242 999 2277 basi
1022 2241 1136 2277 valde
1158 2243 1360 2277 attenuato
1382 2242 1560 2287 insignis.

169 2405 265 2446 691.
301 2405 362 2449 A.
403 2406 678 2448 cinereus
717 2405 883 2460 [Willd.
913 2408 984 2459 Sp.
1015 2405 1098 2457 Ill,
1130 2419 1167 2459 p.
1213 2406 1344 2459 1315)
1385 2405 1596 2458 adpresse
1625 2405 1813 2446 sericeo-

106 2475 258 2516 canus,
283 2464 455 2518 stipulis
477 2464 669 2506 breviter
693 2465 939 2507 lanceolatis
968 2465 1165 2511 sericeis,
1193 2464 1346 2506 foliolis
1376 2464 1585 2518 5-9-jugis
1613 2464 1814 2517 ellipticis

106 2522 291 2574 obtusis,
320 2523 460 2577 scapis
482 2523 594 2565 foliis
614 2524 695 2566 sub
717 2524 784 2565 vel
804 2524 934 2577 duplo
957 2523 1241 2576 longioribus,
1264 2523 1447 2566 racemis
1470 2522 1814 2576 ovato-oblongis

108 2581 283 2624 tandem
296 2583 559 2627 laxiusculis,
579 2582 765 2625 bracteis
784 2582 1127 2636 triangularibus
1146 2582 1378 2636 pedicellos
1398 2582 1469 2623 vix
1488 2581 1815 2635 superantibus,

109 2640 292 2684 floribus
330 2642 597 2684 ochroleucis
637 2642 811 2683 tandem
848 2642 1127 2693 nutantibus,
1166 2642 1322 2695 calycis
1351 2653 1479 2695 parce
1522 2644 1563 2682 et
1604 2641 1818 2694 adpresse

105 2699 203 2741 albo
231 2703 274 2742 et
296 2700 545 2753 nigro-hirti
584 2700 1157 2754 dentibustriangularibus
1199 2701 1300 2743 tubo
1338 2701 1473 2742 multo
1516 2700 1811 2751 brevioribus,

107 2758 252 2800 vexilli
279 2760 421 2813 calyce
450 2760 546 2813 plus
574 2760 705 2814 duplo
731 2760 935 2813 longioris
964 2760 1120 2801 lamina
1147 2760 1330 2811 oblonga
1358 2770 1550 2812 superne
1577 2759 1622 2800 in
1650 2770 1812 2812 appen-

108 2816 244 2859 dicem
272 2818 449 2860 brevem
477 2822 646 2861 ovatam
674 2822 867 2861 retusam
894 2821 1133 2867 contracta,
1162 2819 1376 2871 legumine
1403 2818 1718 2871 erecto-patulo
1748 2830 1815 2859 ca-

109 2875 202 2929 lyce
225 2877 441 2931 subduplo
470 2878 662 2931 longiore
693 2881 902 2931 aopi-esse
936 2878 1128 2920 setuloso
1166 2878 1348 2930 oblongo
1387 2881 1504 2919 recto
1540 2877 1695 2918 obtuso
1720 2890 1816 2919 mu-

108 2936 336 2978 cronulato
363 2936 492 2979 dorso
520 2936 768 2979 subsulcato
793 2940 946 2979 ventre
969 2936 1243 2978 subcarinato
1272 2942 1330 2984 26.
1360 2936 1409 2978 Α.
1433 2935 1628 2977 clavatus
1650 2936 1697 2991 β.
1721 2934 1815 2977 hre-

111 2991 404 3037 vibracteatus
430 3008 510 3038 nc.
536 2995 654 3037 Astr.
678 3008 718 3049 p.
745 2996 841 3038 230.
