2045 3227
119 211 368 261 Astraqalus.
836 222 1108 252 momumosAE.
1745 221 1815 258 209

407 293 550 336 sessile
571 294 705 349 calyci
729 295 1020 352 aequilonyum
1047 297 1195 340 rarius
1217 297 1350 354 paulo
1379 298 1563 356 lonqius.
1590 326 1642 331 —
1662 300 1813 344 Herboe

406 351 654 397 subacaules
679 352 744 396 vel
772 354 1050 399 caulescentes
1080 357 1259 413 stipulis
1281 358 1433 415 petiolo
1464 359 1636 402 adnatis
1665 365 1704 402 et
1730 373 1807 403 εοε-

406 412 509 469 pius
531 412 645 456 inter
662 425 702 455 se
728 411 908 456 breviter
930 419 1132 458 connatis.
1158 415 1294 459 Sectio
1319 418 1477 461 corolla
1498 419 1747 475 persistente
1773 425 1813 463 et

406 471 546 527 calyce
571 472 742 515 tandem
766 477 894 524 rupto
915 473 966 516 ab
986 474 1358 530 Euhypoglottide,
1385 476 1463 519 hac
1485 479 1589 521 nota
1610 492 1636 520 a
1663 478 1812 522 Gram-

412 532 627 585 mocalyce
659 530 861 574 distincta

115 675 236 719 sacr.
263 674 377 718 XXI.
403 675 673 719 Hssrssnozrx.
711 676 815 730 Bge.
852 677 930 719 loc.
962 677 1031 720 eit,
1063 690 1102 732 p.
1130 680 1198 720 53.
1225 704 1279 708 —-
1300 677 1438 735 Calyoe
1467 680 1689 723 tubulosus
1718 681 1812 725 basi

407 738 593 777 obtusus.
612 733 824 791 chumen
840 733 1052 791 iqnotum.
1071 763 1122 769 —
1134 735 1287 780 Herboe
1304 740 1581 782 cau-tescentes
1604 740 1667 783 vel
1684 754 1812 784 acau-

407 793 478 843 les,
501 792 678 849 stipulis
703 794 817 836 inter
849 807 891 836 se
924 793 1071 837 liberis
1101 797 1257 853 petiolo
1281 797 1472 851 adunas,
1505 814 1532 841 a
1553 800 1807 843 sectionibus

404 853 612 910 affinibus
637 853 799 908 foliolis
820 853 1091 897 verticillatis
1107 856 1328 912 quaternis
1357 858 1420 900 vel
1435 857 1548 900 senis
1575 858 1803 912 distinctoe,

407 912 481 955 hoc
518 913 760 955 charactere
798 912 951 969 affines
984 914 1035 956 A.
1078 916 1298 957 Alatavico
1338 916 1451 958 inter
1492 918 1804 972 Myobromata.

411 970 548 1015 Sectio
576 971 789 1028 lequmine
817 972 960 1027 iquoto
984 973 1125 1030 quoad
1149 970 1409 1030 affinitatem
1431 975 1581 1019 dubia.

490 1119 666 1165 Subser.
696 1120 738 1164 4.
768 1121 975 1166 Phaca.
995 1121 1095 1177 Bge.
1115 1123 1192 1166 loc.
1210 1125 1278 1167 cit.
1292 1137 1332 1179 p.
1356 1127 1420 1168 18.

170 1228 340 1277 Herbae,
367 1228 618 1272 suffrutices
641 1232 684 1271 et
700 1229 880 1273 frutices
906 1230 1075 1283 petiolis
1092 1231 1331 1274 inermibus
1351 1233 1418 1276 vel
1439 1233 1640 1287 spInosis.
1661 1234 1809 1278 Flores

112 1287 353 1343 pedicellati
379 1286 518 1344 (Coris.
558 1287 903 1344 Acanthophaccs
940 1290 1105 1343 species
1134 1292 1393 1347 nonnullas)
1432 1293 1592 1346 saepius
1627 1294 1716 1336 Iaxe
1744 1306 1812 1336 ra-

112 1348 283 1390 cemosi.
313 1345 445 1400 Calyx
471 1348 564 1390 basi
590 1347 773 1390 obtusus
804 1348 999 1390 fructifer
1032 1363 1116 1392 non
1146 1350 1336 1393 inflatus.
1380 1352 1522 1393 Petale
1545 1352 1724 1395 decidua
1748 1366 1809 1395 ra-

112 1407 205 1448 rius
236 1404 554 1462 (AEyacantha,
585 1405 938 1462 Acanthophacc)
977 1408 1354 1462 subpersistentia‚
1376 1411 1597 1453 rarissime
1623 1412 1810 1467 (Macro-

110 1465 321 1515 semium)
343 1466 552 1517 interiora
574 1466 739 1519 vaginae
766 1467 987 1509 stamineae
1018 1468 1142 1521 longe
1180 1468 1347 1511 adnata.
1377 1468 1596 1523 Legumen
1636 1471 1707 1513 uni
1744 1472 1811 1513 vel

117 1523 350 1567 biloculare
378 1524 490 1589 pleio
519 1526 586 1567 vel
613 1525 963 1580 oligospermum.

267 1613 285 1629 *
335 1613 533 1650 Anomali.
549 1634 588 1640 —
604 1613 739 1650 Patala
755 1614 942 1651 interiora
968 1615 1124 1661 vaginae
1151 1616 1353 1653 stamineae
1372 1617 1488 1663 longe
1505 1618 1649 1653 adnata

112 1753 231 1797 SECT.
264 1753 402 1797 XXII.
445 1756 768 1801 MACROSmssUM„
806 1757 907 1812 Bge.
950 1759 1024 1801 loc..
1060 1759 1127 1801 cit.
1159 1772 1197 1813 p.
1223 1761 1291 1802 63.
1316 1786 1372 1790 —
1400 1758 1541 1816 Calyoe
1565 1761 1811 1818 lonqissime

404 1815 1069 1873 tubulosa-insundibuliformis.
1117 1817 1329 1861 Vexillum
1373 1819 1688 1875 lonqissimum.
1740 1820 1810 1863 Le·

407 1888 562 1930 qumen
588 1876 733 1918 sessile
759 1875 1174 1934 obovato-qlobosum
1206 1878 1471 1921 uniloculare
1503 1881 1560 1921 act
1583 1889 1812 1936 utramque

402 1939 602 1977 suturam
645 1935 908 1978 carina-turn.
943 1962 1000 1967 —
1023 1935 1165 1978 Herba
1192 1938 1394 1992 ccspitosa
1432 1939 1659 1995 multiceps
1707 1938 1808 1981 sub·

402 1993 584 2046 acautis,
620 1994 797 2052 stipulis
823 1994 936 2037 inter
960 2009 1003 2038 se
1030 1995 1174 2038 liberis
1198 1996 1314 2053 lonqe
1353 1997 1504 2054 petiolo
1540 1998 1728 2041 sublatis.
1758 2024 1807 2029 -—

408 2050 546 2095 Sectio
571 2053 768 2096 anomala
793 2059 939 2097 contra
956 2055 1212 2098 amicissimi
1233 2071 1259 2099 a
1288 2055 1436 2111 Bunye
1469 2057 1711 2112 opinionem
1741 2057 1809 2100 hic

403 2111 606 2155 collocata
630 2119 670 2156 et
695 2128 722 2155 a
750 2114 910 2156 coeteris
938 2115 1089 2158 Phacis
1112 2115 1270 2170 petalis
1298 2116 1416 2171 tonqe
1447 2116 1618 2159 adnatis
1651 2117 1808 2160 discre-

397 2185 507 2227 pans
550 2171 620 2213 sed
649 2173 911 2227 AEgacantha
934 2177 973 2215 et
996 2175 1323 2229 Acanthophace
1357 2175 1509 2231 petalis
1540 2176 1810 2231 persistenti-

401 2229 477 2273 bus
505 2230 741 2274 transitum
766 2232 952 2287 praebent
990 2239 1030 2276 et
1063 2233 1109 2275 in
1134 2232 1415 2277 Subscriebus
1451 2235 1744 2288 Tragacanthfi
1770 2241 1809 2278 et

404 2289 697 2345 Calycophysfi
736 2293 932 2334 sectiones
970 2293 1131 2335 adsunt
1166 2294 1322 2349 petalis
1358 2293 1534 2336 adnatis
1561 2293 1728 2337 donatae
1753 2293 1808 2337 ab

403 2348 507 2391 aliis
534 2349 789 2392 sectionibus
811 2351 966 2407 petalis
990 2351 1137 2394 liberis
1168 2366 1249 2395 non
1274 2352 1561 2410 sejunyendae.

209 2438 227 2456 '
278 2439 487 2489 Euphacae.
503 2441 836 2478 -Petalajibera
853 2442 917 2478 vel
935 2442 1022 2479 basi
1039 2446 1193 2479 tantum
1212 2444 1367 2490 vaginae
1386 2430 1587 2480 stamineae
1606 2444 1751 2480 adnata

676 2526 717 2567 4-
769 2523 1234 2571 Petioliimparipinnati.

377 2612 404 2637 α
452 2601 613 2649 Stipulae
632 2603 733 2639 inter
753 2613 794 2638 se
811 2607 987 2639 connatae
1006 2605 1131 2648 (conf.
1151 2605 1198 2641 A.
1214 2605 1543 2652 fraxinz'folz'um).

108 2743 226 2786 SEc‘r.
257 2742 415 2786 XXIII.
440 2745 743 2788 Rnonopnici.
766 2769 820 2774 —
842 2743 981 2802 Calyoe
1008 2745 1241 2789 tubulosus.
1274 2745 1485 2803 Leyumen
1506 2745 1648 2788 sessile
1670 2744 1807 2788 coria-

401 2816 519 2846 ceurn
553 2802 973 2860 oblorzyo-triyonum
1012 2805 1237 2861 turyidum
1275 2806 1520 2862 depressum
1557 2803 1802 2847 biloculare.

406 2861 556 2905 Petala
578 2862 742 2914 glabra.
764 2888 821 2894 —-
848 2863 991 2906 Herba
1013 2864 1178 2906 acaule's
1204 2864 1470 2920 qlaberrima
1497 2863 1673 2920 stipulis
1699 2863 1810 2906 inter

394 2934 439 2963 se
464 2921 658 2965 connatis
676 2922 831 2978 petiole
853 2922 925 2965 vix
948 2922 1266 2966 adhaerentibus
1288 2938 1369 2980 quo
1396 2923 1637 2966 charactere
1658 2936 1683 2964 a
1703 2923 1808 2965 Pro-

403 2981 522 3033 selio,
547 2993 672 3038 quem
698 2981 809 3036 facie
834 2982 980 3038 refert,
1005 2982 1163 3039 differt.
1191 2981 1365 3026 Corolla
1383 2996 1514 3026 rosea.

1554 3071 1598 3107 14
