2015 3227
130 230 281 268 Tilzoea.
816 237 1119 266 CRASSULACEAE.
1748 228 1822 266 ‘767

685 326 881 374 TlLLAEA
907 326 973 388 (L.
1000 326 1096 375 Gen.
1121 326 1251 388 177).

184 432 317 488 Calyx
343 434 644 488 &li-partitus.
680 432 848 477 Corolla
880 435 1126 490 3-4-petala.
1169 435 1316 478 Stamii
1348 452 1351 453 ⁷
1393 435 1479 476 3-4.
1518 433 1713 489 Carpella
1747 435 1822 476 3-4

124 493 261 535 libera
290 492 532 547 capsularia
558 492 778 547 disperma
804 494 919 536 inter
947 494 1111 537 semina
1137 494 1315 537 constri‹
1410 518 1463 525 —-
1488 493 1644 536 Herbae
1669 504 1823 536 annuae

125 551 304 594 minutae
328 549 501 605 glahrae,
527 551 639 593 foliis
662 552 888 606 oppositis.

188 693 224 734 1.
257 691 313 735 Τ.
348 702 628 735 muscosa
648 691 712 747 (L.
733 691 804 746 Sp.
833 692 936 745 186)
954 693 1150 736 caulibus
1167 692 1344 747 pumilis
1361 692 1697 735 ascendentibus
1722 691 1824 734 sim-

123 750 308 806 plicibus
330 751 397 793 vel
421 762 550 804 parce
580 750 763 794 ramosis
784 764 808 793 a
831 752 922 794 basi
950 751 1155 794 floriferis
1181 763 1297 806 saepe
1319 751 1362 793 in
1388 752 1595 804 cespitem
1622 750 1819 805 approxi-

125 811 279 862 matis,
318 810 432 853 foliis
462 809 912 863 oblongo-lanceolatis
954 811 1218 854 mucronatis
1256 809 1349 853 basi
1385 810 1598 862 connatis,
1642 809 1824 853 floribus

124 868 379 912 axillaribus
417 868 660 922 sessilibus,
700 869 857 923 calycis
895 868 1062 913 laciniis
1103 869 1352 912 lanceolatis
1386 868 1653 911 mucronatis
1679 872 1744 919 Θ.
1768 867 1824 910 16.

127 925 242 970 Lam.
268 927 331 969 Ill.
358 927 444 970 tab.
468 929 538 981 90,
565 928 636 981 fig.
666 928 705 969 2.

173 1000 274 1036 Hab.
301 1001 342 1036 in
367 1001 613 1048 rupestribus
633 1003 671 1036 et
695 1001 871 1037 arenosis
897 1001 1040 1047 hyeme
1066 1011 1170 1048 saepe
1186 999 1374 1045 humidis,
1401 1000 1553 1036 Graecia
1575 1001 1616 1035 in
1642 1000 1758 1036 Creta
1775 999 1824 1035 ad

124 1046 346 1093 Cydoniam
364 1048 551 1093 (Heldrl),
571 1048 698 1084 Attica
727 1049 777 1083 ad
801 1048 1141 1095 Panepistemeion
1160 1047 1351 1093 (Heldrl)‚
1374 1047 1416 1083 in
1441 1047 1642 1083 montibus
1666 1047 1823 1083 Malevo

125 1097 165 1130 et
188 1095 420 1131 Arachneon
437 1095 630 1142 (Sprunl).
650 1095 706 1131 Fl.
727 1095 838 1131 Mart.

172 1152 233 1187 Ar.
263 1151 394 1197 Geoqr.
421 1151 568 1187 Insulae
598 1151 866 1196 Canarienses‚
899 1151 1058 1198 Europa
1084 1150 1214 1187 media
1246 1152 1285 1187 et
1312 1149 1496 1187 australis
1516 1160 1540 1185 a
1556 1149 1760 1185 Britannia
1791 1151 1832 1186 et

127 1196 265 1244 Belgio
283 1198 334 1234 ad
351 1198 515 1245 ltaliam,
533 1199 663 1234 Africa
681 1198 865 1234 borealis.

187 1329 226 1370 2.
259 1328 315 1371 Τ.
351 1327 705 1383 trichopoda
744 1327 894 1383 (Fenzl
916 1328 961 1370 in
987 1327 1070 1381 Ky.
1101 1326 1163 1369 Pl.
1191 1326 1312 1369 Pers.
1338 1326 1498 1382 austr.)
1525 1327 1719 1371 caulibus
1747 1341 1828 1382 pu-

127 1386 242 1430 milis
276 1387 608 1430 ascendentibus
636 1386 906 1441 simplicibus
942 1385 1012 1428 vel
1043 1397 1172 1440 parce
1196 1385 1382 1428 ramosis
1410 1398 1435 1427 a
1459 1385 1552 1428 basi
1586 1386 1828 1430 laxiuscule

128 1445 347 1489 floriferis
359 1457 473 1500 saepe
493 1446 539 1488 in
556 1447 763 1500 cespitem
786 1445 1111 1500 approximatis,
1134 1444 1247 1487 foliis
1272 1445 1717 1498 oblongo-lanceolatis
1738 1458 1828 1489 mu-

126 1505 316 1548 cronatis
342 1505 437 1548 basi
462 1505 672 1557 connatis,
689 1503 873 1547 floribus
895 1503 1147 1546 axillaribus
1172 1503 1393 1558 pedicellis
1419 1503 1595 1547 demum
1620 1505 1829 1558 aequilon-

125 1564 192 1617 gis
219 1564 425 1616 suffultis,
451 1564 606 1619 calycis
634 1564 798 1606 laciniis
823 1562 1018 1616 oblongis
1046 1562 1309 1605 mucronatis
1339 1566 1404 1614 Ε).
1430 1562 1473 1604 Τ.
1501 1563 1620 1605 αίαία
1643 1563 1734 1605 Viv.
1756 1563 1821 1605 Pl.

129 1622 204 1676 Eg.
234 1623 335 1666 Dec.
356 1627 401 1665 11⁰
422 1624 473 1666 19
494 1623 673 1679 (nomen
691 1623 980 1677 improprium
996 1633 1095 1666 nam
1111 1624 1282 1665 tantum
1295 1621 1579 1665 exsiccatione
1600 1622 1712 1664 rami
1726 1622 1828 1665 alati

130 1682 375 1732 videntur).
398 1719 405 1723 .

175 1755 277 1792 Hah.
295 1757 335 1792 in
353 1755 527 1792 humidis
557 1755 733 1791 arenosis
763 1754 889 1802 Syriae
918 1754 1102 1791 littoralis
1134 1754 1185 1790 ad
1213 1753 1400 1790 Sidonem
1433 1755 1471 1789 et
1495 1753 1688 1800 Tripolim
1717 1753 1830 1799 (ΒΜ),

128 1803 291 1850 AEgypti
308 1803 500 1839 inferioris
517 1802 658 1847 (Wiest
677 1801 766 1838 130¹
795 1802 870 1838 sub
903 1801 944 1838 T.
968 1799 1176 1847 Μαεσοεᾶ),
1206 1801 1349 1837 Persiae
1377 1800 1563 1837 australis
1589 1801 1641 1836 ad
1665 1801 1829 1837 Dalechi

128 1850 220 1897 (Ky.
238 1861 318 1886 exs.
336 1851 452 1895 1291).
470 1850 526 1886 Fl.
544 1849 656 1885 Mart.

176 1906 299 1942 Valde
325 1906 454 1943 affinis
476 1906 727 1953 praecedenti,
745 1916 795 1941 an
814 1907 876 1942 sat
901 1905 952 1941 ab
975 1905 1022 1941 ea
1047 1905 1211 1940 floribus
1265 1904 1481 1940 edicellatis
1502 1904 1827 1940 subbrevioribus

127 1952 347 1990 distincta?.
371 1953 412 1990 T.
430 1952 740 2001 pharnaceoz'des
757 1953 921 1990 Hochst.
942 1962 991 1988 ex
1009 1952 1226 1998 Abyssinia
1273 1962 1320 1987 uc
1334 1952 1374 1987 in
1392 1951 1479 1987 Bth.
1498 1953 1536 1987 et
1552 1951 1669 1987 Hook
1687 1951 1783 1987 Gen.
1800 1950 1830 1995 Ι,

129 2010 185 2083 ga
183 2001 253 2084 (31587
271 2001 439 2037 adducta
456 2000 632 2048 specifice
654 2000 808 2037 differre
827 1999 983 2036 videtur
1007 1999 1154 2045 calycis
1180 1999 1332 2035 laciniis
1358 1998 1482 2034 multo
1500 1998 1658 2045 longius
1676 2009 1830 2034 mucro-

430 2176 704 2226 UMBlLlGUS
739 2177 852 2238 (D.c.
883 2175 987 2224 Bull.
1022 2174 1132 2223 Phil.
1163 2175 1303 2232 1801,
1342 2183 1383 2222 n·
1408 2175 1504 2224 49).

191 2280 325 2337 Calyx
360 2283 756 2338 quinquepartitus.
787 2281 954 2326 Corolla
979 2283 1184 2326 tubulosa
1200 2283 1498 2336 campanulata
1522 2283 1590 2324 vel
1610 2284 1830 2326 urceolata

131 2341 232 2396 plus
249 2342 394 2385 minus
416 2342 630 2396 profunde
655 2343 771 2385 fissa.
801 2342 991 2385 Stamina
1022 2343 1073 2384 10
1101 2341 1203 2384 tubo
1231 2342 1401 2384 corollae
1424 2341 1600 2383 inserta.
1629 2341 1829 2395 Squamae

133 2399 373 2455 hypogynae
408 2402 444 2443 ὃ.
473 2399 670 2455 Carpella
695 2403 720 2444 5
749 2401 991 2455 capsularia
1018 2401 1307 2455 polysperma.
1335 2425 1389 2430 —
1425 2400 1580 2442 Herbae
1612 2412 1828 2454 perennes

133 2459 203 2502 vel
229 2471 397 2514 annuae,
426 2459 573 2503 babitu
594 2461 739 2513 variae,
764 2461 876 2503 foliis
899 2460 1109 2503 carnosis.
1130 2483 1181 2489 —
1202 2458 1350 2502 Genus
1369 2459 1652 2502 artificialiter
1679 2473 1702 2501 a
1725 2458 1833 2502 Sedo

136 2517 401 2572 distinctum,
426 2531 526 2561 nam
551 2519 596 2561 in
621 2519 701 2562 hoc
727 2520 866 2574 petala
886 2519 980 2562 basi
1001 2530 1116 2572 saepe
1140 2518 1293 2561 coalita
1310 2521 1414 2562 sunt
1439 2517 1517 2561 sed
1539 2529 1730 2571 expansa
1755 2529 1834 2560 nec

134 2576 179 2619 in
200 2578 402 2620 corollam
424 2577 996 2633 tubuloso-campanulatam
1022 2577 1189 2621 coalita.

136 2719 260 2764 Smer.
297 2719 328 2762 I.
363 2719 530 2764 Corui-i
561 2733 641 2764 n.c.
670 2721 824 2764 Prodr.
853 2720 1171 2775 1[1‚p.400.—-
1192 2718 1423 2761 Perennes.
1450 2718 1594 2760 Radix
1611 2717 1831 2761 tuberosa.

432 2779 556 2822 Folia
576 2779 793 2822 radicalia
817 2779 940 2833 longe
957 2778 1167 2832 petiolata
1185 2778 1351 2831 peltata
1367 2777 1435 2819 vel
1450 2777 1647 2819 cordata.
1678 2776 1833 2819 Florcs

435 2838 592 2891 spicati
618 2838 685 2881 vel
705 2838 1208 2891 racemoso-paniculatz'.
1236 2836 1402 2879 Plantae
1421 2835 1598 2890 glabrae.

203 2931 237 2972 1.
273 2930 336 2973 U.
363 2932 597 2974 erectus
618 2930 720 2985 (nc.
748 2930 808 2972 Fl.
836 2930 906 2972 Fr.
934 2929 1010 2982 IV,
1035 2942 1074 2983 p.
1112 2928 1231 2983 384),
1255 2928 1373 2970 caule
1400 2939 1547 2970 crasso
1570 2927 1695 2977 elato,
1722 2924 1834 2967 foliis

140 2988 400 3039 radicalibus
420 2989 916 3033 reniformi-orbiculatis
943 2988 1130 3031 cordatis
1159 2988 1228 3030 vel
1255 2986 1512 3041 subpeltatis
1537 2986 1692 3028 obtuse
1713 2986 1755 3026 et
1777 2984 1838 3026 la-
