1980 3246
163 203 212 239 24
509 178 511 181 .
874 210 1153 238 LEGUMINOSAE.
1644 203 1860 252 Anayyms.

163 283 309 326 rarius
334 284 449 325 inter
480 295 527 325 se
546 285 589 325 et
615 293 712 324 cum
738 282 996 325 staminibus
1023 285 1217 336 connata,
1249 283 1296 324 in
1326 282 1510 326 floribus
1540 283 1858 338 irregularibus

164 343 298 396 quina
324 342 614 397 papilionacea
647 341 801 394 quinto
837 353 998 395 supero
1034 341 1272 391 imbricata,
1296 342 1342 384 in
1363 342 1643 396 regularibus
1669 344 1854 386 valvata.

163 400 360 443 Stamina
387 401 612 454 liypogyna
638 400 707 441 vel
735 399 788 442 ad
810 400 1048 453 marginem
1069 400 1174 443 disci
1208 400 1366 453 calycis
1391 401 1487 443 basi
1517 401 1662 443 adnati
1693 403 1857 445 inserta

162 460 375 514 perigyna
401 460 560 513 saepius
590 458 655 511 10,
679 458 978 513 monaldelpha
995 493 1004 507 ,
1032 459 1264 514 diadelpha
1291 459 1360 501 vel
1394 459 1553 512 libera,
1580 472 1683 503 raro
1704 460 1861 503 indefi-

161 519 263 560 nita.
293 518 499 561 Ovarium
522 518 707 560 liberum
733 517 1008 560 uniloculare
1030 518 1226 572 placenta
1251 518 1514 561 unilaterali.
1537 518 1677 561 Ovula
1697 519 1858 573 saepius

160 589 404 619 numerosa
424 577 573 619 rarius
601 577 796 619 solitaria
819 577 972 630 angulo
998 577 1196 619 interiori
1225 577 1360 619 ovarii
1393 576 1559 619 inserta
1583 579 1858 632 amphitropa

162 636 232 677 vel
260 638 477 689 anatropa.
494 635 697 678 Fructus:
719 636 919 688 legumen
936 635 1097 689 saepius
1110 636 1280 678 bivalve
1294 637 1693 689 membranaceum,
1713 636 1858 679 rarius

160 694 436 736 indehiscens
449 706 679 736 carnosum
692 695 759 736 vel
773 694 1061 748 drupaceum,
1080 697 1234 737 sutura
1248 695 1383 736 altera
1398 689 1628 737 introflexa
1638 695 1857 740 interdum

161 753 532 806 longitudinalitei·
542 753 775 796 biloculare
790 755 860 795 vel
872 753 1047 795 isthmis
1059 753 1326 796 transversis
1340 753 1668 796 multiloculare.
1680 754 1860 796 Semina

158 813 321 865 saepius
348 812 686 863 exalburninosa‚
713 812 992 865 cotyledoncs
1017 813 1178 866 saepius
1201 813 1354 866 planae.
1393 836 1448 843 -—
1482 811 1651 864 Herbae‚
1677 813 1857 856 frutices

158 873 205 912 et
243 871 427 913 arbores
464 871 576 914 foliis
624 872 712 913 fere
759 883 932 926 semper
966 871 1166 925 alternis,
1197 871 1435 925 stipulans,
1475 871 1696 914 interdum
1746 883 1861 914 com-

158 930 329 983 positis.

504 1130 802 1179 SUBORD.
838 1138 875 1179 Ι.
911 1132 1513 1180 PAPILIONACEAE.

221 1294 392 1338 Corolla
418 1297 674 1350 irregularis
704 1298 995 1352 papilionacea
1034 1299 1177 1352 calyce
1220 1299 1336 1341 ultra
1363 1298 1532 1341 discum
1557 1297 1856 1352 gamosepalo,

161 1356 320 1409 petalis
346 1355 588 1398 imbricatis
616 1368 785 1400 summo
813 1359 985 1400 extimo.
1014 1357 1228 1400 Radicula
1253 1358 1411 1400 inflexa
1439 1356 1771 1412 cotyledonibus
1789 1368 1857 1399 ac-

162 1415 389 1468 cumbens,
413 1415 641 1457 rarissime
664 1415 824 1471 (Cicer)
851 1419 968 1458 recta
995 1416 1269 1459 brevissima.

655 1584 730 1626 ΤΒ.
764 1584 795 1626 Ι.
830 1584 1227 1627 PODALYRIEAE.
1263 1584 1359 1627 Bth.

223 1736 413 1779 Stamina
438 1735 587 1778 libera.
628 1735 855 1788 Legumen
894 1735 1233 1779 inarticulatum.
1260 1733 1547 1789 Cot-yledones
1568 1735 1769 1778 foliaceae.
1794 1740 1860 1765 ‘-—

161 1795 321 1837 Herbae
345 1799 415 1837 vel
437 1794 615 1837 frutices
637 1795 753 1836 foliis
780 1795 1051 1849 simplicibus
1074 1795 1143 1837 vel
1170 1795 1356 1848 digitatis

689 1969 938 2018 ANAcvms
971 1968 1036 2029 (L.
1071 1969 1171 2017 cen.
1211 1968 1334 2029 509).

221 2118 354 2173 Calyx
395 2119 725 2173 campanulatus
771 2116 1084 2171 subaequaliter
1125 2116 1393 2158 5-dentatus.
1432 2116 1527 2158 Alae
1567 2117 1726 2159 vexillo
1766 2117 1861 2160 lon-

155 2181 304 2233 giores
321 2181 364 2220 et
385 2178 531 2221 carina
558 2178 746 2230 dipetala
782 2177 1020 2219 breviores.
1050 2175 1271 2229 Legumen
1299 2175 1551 2228 stipitatum
1585 2177 1762 2229 planum
1784 2188 1861 2231 po·-

160 2239 432 2292 lyspermum
458 2238 577 2279 intus
600 2237 1059 2289 celluloso-septatum.
1090 2258 1145 2265 —
1170 2233 1334 2276 Frutex
1357 2233 1472 2276 foliis
1490 2234 1760 2288 trifoliolatis‚
1784 2235 1862 2278 sti-

161 2297 279 2352 pulis
302 2299 346 2339 in
376 2296 542 2339 unicam
569 2295 904 2350 oppositifoliam
925 2295 1153 2336 concretis.

226 2455 261 2495 1.
286 2453 349 2496 A.
371 2441 579 2495 foetida
590 2451 657 2507 (L.
678 2452 749 2507 Sp.
770 2452 874 2507 534)
893 2452 1047 2495 foliolis
1065 2450 1529 2505 lanceolato-ellipticis
1546 2451 1860 2493 obtusiusculis

161 2512 489 2564 mucronulatis,
513 2511 696 2554 floribus
722 2512 775 2554 ad
801 2524 946 2554 ramos
966 2511 1168 2553 laterales
1196 2510 1388 2552 breviter
1414 2509 1676 2562 racemosis‚
1705 2510 1861 2552 vexillo

158 2572 557 2672 ἓὶἕὲἓ-ῐῒῐὲἷουέἓέο,
598 2572 817 2624 legumine
842 2573 1046 2622 arcuato,
1091 2569 1329 2612 seminibus
1382 2569 1583 2612 violaceis
1628 2574 1663 2617 5.
1705 2568 1759 2611 Ic.
1798 2568 1861 2610 Fl.

208 2704 309 2741 Hah.
328 2705 377 2740 ad
403 2704 522 2740 colles
540 2706 578 2739 et
594 2714 710 2750 rupes
728 2703 898 2749 regionis
924 2703 1061 2739 calidae
1083 2703 1202 2738 totius
1220 2702 1382 2738 Graeciae
1401 2702 1558 2747 (Boissl
1578 2701 1724 2737 Heldrl·
1740 2701 1863 2748 Orph-

162 2751 218 2788 Fl.
254 2752 319 2787 Gr.
358 2762 440 2788 exs.
472 2751 582 2796 2891),
617 2751 825 2797 Archipela
855 2751 867 2785 i
897 2750 1068 2795 (sibun),
1094 2749 1331 2785 Macedoniae
1375 2751 1392 2795 (
1403 2749 1496 2785 Friv
1514 2751 1559 2794 Ι),
1585 2749 1780 2784 Anatoliae
1814 2748 1864 2784 ad

157 2798 371 2844 Smyrnam
383 2798 470 2843 (Bal
480 2797 644 2843 l),Lycia
654 2798 814 2843 (Βοιὼ),
861 2798 946 2843 yria
956 2797 1116 2832 littorali
1130 2796 1318 2841 (Hausskl
1333 2796 1423 2842 1311),
1443 2797 1483 2832 in
1497 2796 1623 2843 sylvis
1641 2795 1865 2842 subalpinis

163 2845 428 2881 Kurdistaniae
450 2846 602 2890 (Νοέἒ),
620 2845 676 2880 Fl.
695 2845 779 2880 Jan.
798 2845 909 2880 Mart.
926 2866 971 2870 —-
990 2844 1155 2880 Arabice
1175 2842 1345 2880 Gerrud.

221 2911 264 2963 β.
287 2910 586 2963 Neapolitana.
616 2934 670 2940 —
699 2909 919 2952 Vexillum
955 2909 1165 2951 concolor.
1199 2907 1372 2950 Semina
1408 2907 1611 2962 pauciora
1650 2907 1720 2949 1-3
1751 2906 1865 2949 lute-

158 2970 337 3012 scentia.
357 2993 413 3001 —
433 2969 483 3011 A.
509 2968 798 3022 Neapolitana
830 2969 933 3011 Ten.
961 2968 1022 3010 Fl.
1048 2967 1152 3021 Nap.
1180 2967 1266 3010 tab.
1299 2968 1398 3009 227.
