1994 3211
121 222 215 259 1046
818 233 1126 259 UMBELLIFERAE.
1568 223 1819 260 Heracleum-

169 317 447 353 Indumentum
466 318 612 354 fructus
628 318 706 355 fere
720 320 764 354 ut
780 319 821 354 in
839 317 887 354 H.
906 318 1162 365 σνθηαιιΐοῑίο,
1181 319 1249 355 sed
1266 319 1317 354 ab
1334 329 1379 354 eo
1397 319 1623 355 distinctum
1638 320 1822 356 foliorum

121 365 255 402 minus
289 365 505 400 divisorum
536 365 689 400 laciniis
715 365 919 401 latioribus
953 366 1236 411 denticulisque
1268 365 1391 401 acutis
1419 376 1489 401 nec
1517 366 1680 411 obtusis,
1715 368 1823 402 vittae

123 415 310 458 praeterea
327 412 452 447 multo
469 412 636 447 latiores.
655 412 739 447 Hac
757 414 850 447 nota
863 413 1008 448 accedit
1021 413 1071 447 ad
1089 412 1138 447 H.
1152 412 1430 459 platytcenz’um
1450 413 1555 459 quod
1573 413 1691 448 distat
1709 414 1821 449 folio·

123 459 369 541 nlljmtSmeS
387 459 737 494 arachnoideorum
755 459 857 495 lobis
876 459 1151 503 obtusissimis,
1168 460 1294 495 fructu
1316 459 1486 495 obovato
1503 460 1658 507 papillis
1678 460 1823 506 patulis

124 516 148 541 o
178 516 210 540 sl
230 516 265 541 ο.

189 655 254 695 16.
287 653 352 695 H.
380 651 700 695 Sibiricum
743 650 811 706 (L.
855 651 925 705 Sp.
968 653 1075 706 358)
1114 652 1228 694 foliis
1270 652 1436 694 scabris
1480 651 1819 705 pubescentibus

127 711 428 766 pinnatisectis
457 711 662 764 2-3-jugis
691 711 925 763 segmentis
949 712 1087 753 ovatis
1113 711 1268 753 Iobatis
1296 711 1364 753 vel
1390 710 1609 764 palmatim
1648 711 1822 764 partitis

125 771 406 813 interioribus
440 770 730 824 petiolulatis‚
759 770 959 812 umbellis
999 769 1313 822 15-20-radiis‚
1341 769 1494 823 petalis
1533 769 1821 811 ssavovirenti·

123 831 207 873 bus
232 830 303 871 vix
332 828 617 879 radiant.iliuS‚
636 828 784 870 ovario
801 829 1112 881 glabriusculo,
1135 828 1278 871 fructu
1310 828 1492 871 obovato
1518 829 1637 882 apice
1657 831 1820 878 retuso,

122 888 244 930 vittis
272 887 603 929 dorsalibus-ad
640 887 687 941 Ἃ
726 887 957 941 peric-arpii
997 887 1219 941 perductis
1259 887 1551 929 exterioribus
1594 886 1821 928 latioribus

123 947 300 990 clavatis
328 946 396 1001 Q).
428 946 479 988 [c.
507 946 642 988 Rclib.
675 945 821 988 Germ.
851 948 975 988 1972.

174 1021 275 1055 Hab.
297 1021 336 1055 in
356 1020 511 1066 pascuis
526 1020 759 1066 subalpinis,
777 1030 891 1055 mons
910 1020 1034 1055 Athos
1046 1019 1284 1055 Macedoniae
1300 1029 1422 1066 prope
1436 1018 1600 1054 Kerasia
1617 1017 1824 1063 (Grisebl).

126 1068 272 1104 Tauria
288 1067 430 1112 (MR),
453 1067 649 1102 Caucasus
667 1067 918 1102 occidentalis
932 1069 970 1102 et
989 1066 1144 1101 medius
1162 1066 1221 1111 (C.
1239 1066 1370 1111 AM.)

173 1133 235 1168 Ar.
258 1132 390 1176 Geoqr.
417 1130 690 1175 scandinavia,
721 1131 912 1171 Helvetia.
941 1131 1154 1166 Germania
1183 1131 1223 1165 in
1254 1130 1421 1176 Alpibus
1451 1131 1489 1165 et
1517 1128 1688 1170 Sudetis,
1710 1128 1824 1163 Italia

127 1179 298 1262 ltoaglcssiahs
317 1179 358 1213 in
375 1178 554 1226 Alpibus,
573 1179 680 1223 regio
700 1178 954 1223 DanubialiS,
980 1178 1123 1213 Rossia
1145 1178 1284 1218 omnis,
1309 1176 1453 1213 Sibil-ia
1470 1176 1671 1212 Uralensis
1698 1179 1735 1211 et
1758 1175 1824 1211 Al-

632 1385 684 1434 b.)
733 1386 848 1421 Vittae
866 1384 1316 1421 filiformi-subclavatae.

850 1467 881 1501 1.
931 1465 1104 1501 Elatum.

191 1555 259 1595 17.
296 1553 361 1595 H.
396 1565 678 1609 asperum
707 1554 833 1608 (ΜΒ.
858 1555 986 1596 Taur.
1007 1552 1131 1595 Cauc.
1153 1551 1228 1605 ΙΙΙ,
1251 1565 1291 1606 p.
1313 1551 1417 1608 ⁶224)
1442 1561 1686 1607 procerum,
1707 1553 1820 1595 foliis

128 1625 263 1666 snpra
291 1613 456 1654 scabris
481 1613 637 1655 subtus
665 1613 1005 1667 pubescentibus
1029 1612 1328 1666 pinnatisectis
1351 1612 1559 1666 2-3-jugis
1585 1611 1822 1665 segmentis

128 1672 173 1714 in
200 1671 320 1714 lobos
344 1674 491 1714 acutos
519 1672 787 1726 pinnatifidis
809 1671 1090 1714 inferioribus
1122 1670 1291 1714 duobus
1318 1671 1576 1725 plerumque
1598 1670 1825 1724 petiolula-

128 1730 199 1783 tis,
226 1730 546 1773 infici-escentizi
571 1734 658 1773 tota
683 1729 1229 1782 aculeolato-scaberrima,
1251 1730 1463 1773 'umbellis
1502 1729 1822 1772 inultir'adiatis.

128 1789 283 1843 petalis
310 1790 416 1831 albis
441 1790 725 1842 radiantibus,
749 1790 896 1832 ovario
923 1789 1158 1838 muricum,
1184 1789 1331 1831 fructu
1358 1791 1483 1831 ovato
1511 1788 1697 1842 sparsim
1725 1800 1830 1830 acu-

128 1848 297 1899 leolam,
337 1848 454 1890 vittis
483 1849 730 1892 dorsalibus
769 1849 860 1891 fere
898 1849 950 1890 ad
988 1847 1112 1890 basin
1154 1847 1383 1902 pericarpii
1425 1847 1647 1901 perductis
1676 1847 1730 1902 (ἑ)
1754 1847 1822 1888 vel

129 1907 314 1949 trienne.

176 1980 275 2016 Hab.
295 1981 332 2015 in
353 1984 485 2016 monte
505 1982 699 2017 Beschtau
721 1982 888 2017 Caucasi
913 1981 1230 2028 septentrionalis
1249 1980 1476 2026 (Wilhelms
1498 1991 1545 2016 ex
1563 1978 1688 2024 ΜΒ.)ι
1709 1977 1768 2022 (V.
1796 1990 1829 2015 s.

128 2027 217 2062 cult.
237 2028 275 2062 in
296 2028 413 2063 Herb.
436 2029 542 2064 Hort.
562 2029 657 2075 Imp.
676 2030 862 2075 Petropl).

174 2091 306 2126 Facies
325 2090 373 2125 II.
395 2090 626 2138 Sphondgsliz
645 2094 683 2127 et
699 2090 950 2139 pubescentis,
979 2091 1266 2127 inflorescentia
1291 2090 1542 2135 scaberrima,
1569 2089 1720 2124 fructus
1744 2087 1825 2123 illis

127 2139 342 2184 specierum
357 2139 533 2173 affinium
545 2140 714 2174 minores
728 2138 752 2173 3
769 2139 810 2182 ¹s2
826 2139 951 2174 lineas
965 2138 1089 2184 longi,
1107 2138 1157 2173 ab
1174 2138 1225 2174 H.
1240 2137 1463 2185 pubescenti
1477 2137 1538 2172 cui
1556 2136 1681 2181 magis
1696 2135 1823 2170 affinis

127 2185 238 2220 vittis
250 2185 374 2220 multo
396 2186 686 2230 angustioribus
707 2189 801 2228 (non
820 2188 955 2221 revera
976 2185 1226 2220 filiformibus
1245 2188 1287 2220 ut
1303 2185 1354 2220 ab
1368 2184 1590 2220 auctoribus
1602 2182 1825 2218 dicitursed

127 2232 503 2277 filiformi-clavatis)
521 2233 759 2268 distinctum.
783 2253 828 2257 ——
854 2232 897 2267 H
928 2242 1116 2279 asperum
1141 2232 1190 2267 M.
1215 2232 1260 2267 K.
1279 2232 1463 2267 Deutsch.
1482 2231 1537 2266 Fl.
1564 2230 1606 2275 ΙΙ,
1628 2241 1664 2276 p.
1682 2228 1762 2265 374.
1780 2243 1825 2261 z

128 2278 177 2314 H.
189 2289 363 2326 panaces
381 2279 489 2314 Koch
506 2279 597 2325 Syn.
623 2291 658 2326 p.
676 2279 747 2315 :538
763 2281 840 2324 (an
858 2279 932 2322 L?)
951 2283 1009 2314 est
1026 2278 1076 2315 H.
1090 2279 1317 2326 palmatum
1339 2279 1513 2323 Baumg.,
1540 2288 1609 2324 spe
1621 2278 1699 2312 cies
1721 2275 1826 2311 foliis

129 2326 377 2372 simplicibus
396 2326 662 2373 palmatififfls,
680 2329 763 2372 eto,
776 2326 1061 2362 diversissima.

817 2480 851 2516 2.
900 2479 1148 2516 Humiliora.

198 2572 259 2613 18.
296 2571 361 2612 H.
383 2571 861 2626 ligusticifolium
879 2570 1005 2625 (MR.
1025 2571 1153 2612 Tanr.
1175 2569 1299 2613 Cauc.
1320 2570 1352 2617 Ι,
1376 2583 1416 2624 p.
1437 2569 1539 2625 224)
1560 2570 1821 2623 pubescens,

130 2631 251 2672 caule
278 2643 431 2683 parum
449 2632 559 2672 clato
587 2631 750 2672 sulcato
774 2641 901 2682 parce
927 2641 1113 2681 ramoso,
1144 2630 1256 2672 foliis
1284 2629 1449 2672 ambitu
1475 2629 1822 2682 triangularibus

130 2689 341 2742 pinnatim
383 2688 541 2742 bijugis
581 2688 815 2742 segmentis
855 2688 1083 2742 subquinis
1128 2688 1410 2730 inferioribus
1437 2687 1703 2742 petiolulatis
1746 2688 1823 2730 tri-

129 2748 301 2801 partitis
342 2748 642 2800 superioribus
684 2746 912 2789 sessilibus
947 2746 1149 2789 omnibus
1187 2747 1382 2789 cuneatis
1425 2745 1825 2789 ovato-rotundatis

131 2818 282 2859 grosse
323 2806 688 2857 inciso-dentatis²
735 2805 935 2847 umbellae
978 2805 1110 2847 radiis
1153 2805 1524 2858 pubescentibus,
1560 2805 1713 2858 petalis
1752 2817 1824 2847 ra-

131 2864 364 2915 diantibus,
400 2866 541 2907 fructu
578 2865 766 2918 elliptico
793 2863 1289 2917 papillam-pubescenti,
1332 2864 1452 2906 vittis
1487 2863 1731 2906 dorsalibus
1758 2863 1828 2905 in-

129 2923 368 2965 terioribus
403 2935 518 2977 saepe
545 2923 813 2976 longioribus
839 2922 1239 2965 commissuralibus
1266 2923 1405 2976 longis
1443 2921 1746 2975 subparallelis
1769 2921 1827 2977 Θ

131 2982 200 3024 vel
227 2982 409 3024 trienne.
