2065 3236
223 217 298 253 684
992 219 1195 246 ROSACEAE.
1808 207 1929 246 Rosa..

845 328 867 383 ,ξ
900 329 939 370 8.
976 352 1021 358 --
1064 326 1319 370 Caninae.

893 424 913 442 *
963 424 1266 460 Aculeitenues.

289 516 358 556 34.
398 512 458 555 R.
484 511 622 554 alba
649 509 716 564 (L.
742 509 815 562 Sp.
846 504 951 561 705)
972 506 1100 556 elata,
1119 506 1278 548 aculeis
1296 504 1503 548 tenuibus
1522 504 1721 546 recurvis
1741 502 1934 546 acerosis

229 573 450 615 interdum
478 569 710 620 subnullis,
734 565 909 620 stipulis
930 564 1234 618 superioribus
1256 564 1457 613 dilatatis,
1476 563 1647 617 petiolis
1664 562 1935 605 tomentello-

230 632 357 674 hirtis
399 628 652 684 spinulosis,
690 626 845 669 foliolis
889 623 1120 676 subquinis
1154 624 1322 676 magnis
1358 622 1706 665 ovato-rotundis
1742 621 1936 664 breviter

231 689 488 733 acuminatis
523 686 779 740 simpliciter
815 682 1003 726 dentatis
1041 694 1175 736 supra
1204 682 1366 735 glabris
1402 681 1559 723 subtus
1594 679 1935 735 pubescentibus

232 749 418 803 pallidis,
446 746 705 801 pedunculis
727 744 933 787 solitariis
958 741 1027 782 vel
1053 741 1281 794 geminatis
1307 739 1758 794 glanduloso-setosis,
1781 738 1936 793 petalis

231 808 340 849 albis
378 806 559 859 magnis,
601 804 758 857 calycis
808 794 972 844 laciniis
1022 799 1290 854 pinnatifidis
1337 799 1511 841 demum
1555 798 1764 851 deciduis,
1794 798 1937 840 fructu

232 870 359 908 ovato
386 872 421 913 5
450 865 504 906 Ic.
532 864 593 905 Fl.
623 863 732 904 Dan.
756 862 841 904 tab.
874 861 998 902 1215.
1034 883 1081 890 —
1109 859 1158 901 R.
1184 857 1466 912 Borcykt'ana
1489 857 1664 900 Besser.

234 939 381 1032 (RHab.
402 939 442 973 in
460 938 586 972 iberia
603 936 738 981 (Wilh.
758 946 806 971 ex
832 934 930 970 ΜΒ.
948 934 1065 969 Taur.
1087 932 1201 968 Cauc.
1219 931 1280 978 111,
1298 943 1334 979 p.
1351 932 1451 977 352),
1465 930 1652 967 Colchide
1665 940 1785 979 prope
1799 929 1939 965 Kutais

287 988 407 1033 uprl).

283 1051 341 1086 Ex
361 1050 407 1085 cl.
425 1049 534 1085 Koch
553 1049 650 1084 inter
669 1047 878 1083 varietates
896 1045 943 1082 R.
961 1045 1116 1082 canince
1134 1046 1363 1080 enumerata
1377 1043 1446 1078 sed
1459 1045 1600 1089 praeter
1611 1042 1746 1078 foliola
1757 1043 1794 1077 et
1806 1039 1940 1088 petala

235 1098 385 1144 majora
403 1096 551 1132 ovariis
568 1094 854 1130 subsessilibus
873 1104 943 1129 nec
960 1093 1077 1138 longe
1096 1092 1281 1139 stipitatis
1299 1091 1350 1127 ab
1371 1092 1417 1127 ea
1433 1090 1573 1126 aliena.

296 1247 365 1287 35.
403 1244 464 1287 R.
493 1252 894 1296 macrocarpa,
930 1240 1063 1282 ramis
1103 1239 1281 1293 glabris,
1318 1235 1480 1280 aculeis
1517 1236 1631 1279 raris
1654 1248 1678 1278 a
1700 1235 1794 1278 basi
1817 1233 1942 1278 valde

234 1305 433 1357 elongata
468 1303 646 1345 minutis
686 1300 918 1354 gracilibus
951 1298 1147 1350 aduncis,
1182 1298 1294 1340 soliis
1321 1297 1505 1350 magnis,
1541 1295 1715 1350 stIpulis
1753 1293 1941 1337 dilatatis

236 1362 544 1417 glabriusculis
568 1365 689 1415 parte
715 1359 851 1401 libera
875 1357 1272 1401 ovato—lanceolatis
1296 1356 1567 1403 acuminatis,
1585 1354 1757 1409 petiolis
1780 1351 1942 1408 glabris

238 1423 396 1465 subtus
424 1419 818 1473 adunco-spinosis,
840 1417 997 1460 foliolis
1024 1418 1045 1458 7
1075 1417 1242 1469 magnis
1269 1415 1618 1472 ovato-cllipticis
1640 1416 1763 1456 acute
1780 1415 1823 1455 et
1840 1411 1944 1455 sub-

237 1481 493 1535 simpliciter
531 1479 714 1521 serratis
751 1476 1039 1531 glaberrimis,
1082 1474 1338 1529 pedunculis
1377 1474 1600 1518 subternis
1625 1472 1849 1522 brevibus,
1877 1482 1945 1513 se-

238 1540 349 1594 palis
379 1539 627 1582 lanceolatis
653 1535 916 1579 tomentellis
942 1538 985 1577 et
1006 1535 1136 1578 dorso
1163 1533 1418 1588 parcissime
1442 1532 1709 1586 glandulosis
1740 1531 1811 1573 1-2
1834 1530 1947 1572 inte-

237 1600 328 1653 gris
355 1598 523 1640 cacteris
551 1598 651 1651 plus
676 1596 822 1638 minus
846 1594 1116 1648 pinnatifidis
1135 1593 1336 1636 omnibus
1355 1593 1498 1635 fructu
1517 1593 1762 1634 maturante
1787 1587 1943 1632 erectis

239 1658 412 1700 tandem
446 1656 647 1707 caducis,
692 1654 846 1709 petalis
861 1684 1013 1704 ......
1049 1654 1194 1696 fructu
1233 1664 1389 1706 magno
1427 1650 1689 1705 subgloboso
1733 1649 1944 1703 depresso

240 1718 337 1759 laevi
364 1725 400 1765 5.
424 1718 473 1759 R.
500 1714 716 1768 stupenda
739 1712 897 1767 Crepin
919 1713 964 1755 in
990 1713 1070 1755 litt.

285 1791 386 1827 Hah.
406 1791 446 1825 in
466 1789 571 1826 valle
590 1787 728 1835 Djirnil
748 1787 863 1822 Ponti
880 1786 1009 1822 Lazici
1026 1786 1091 1822 alt.
1109 1785 1214 1822 6000’
1235 1784 1361 1831 (Ball)
1379 1783 1421 1820 V.
1441 1794 1539 1830 spec.
1559 1783 1669 1818 fruct.

287 1855 381 1890 Haec
399 1855 547 1901 species
567 1851 715 1887 foliolis
738 1850 881 1897 amplis
905 1852 945 1885 et
971 1850 1111 1885 habitu
1135 1850 1252 1885 refert
1281 1849 1327 1886 R.
1357 1847 1492 1885 albam
1522 1847 1571 1883 ad
1593 1857 1713 1893 quarn
1731 1847 1840 1893 prius
1859 1855 1945 1882 eam

237 1902 447 1937 retuleram
482 1900 551 1936 sed
584 1899 729 1935 clariss.
765 1897 907 1944 Crepin
940 1899 978 1933 et
1012 1897 1141 1933 Godet
1166 1896 1472 1932 observantibus
1506 1897 1606 1931 certe
1639 1894 1770 1930 differt
1802 1893 1947 1930 aculeis

240 1949 501 1993 tenuioribus,
521 1947 678 1994 petiolis
695 1945 921 1991 foliolisque
949 1945 1090 1980 subtus
1118 1944 1268 1990 glabris
1288 1954 1357 1979 nec
1383 1941 1699 1990 pubescentibus,
1716 1940 1947 1988 pedunculis

244 1997 373 2041 nudis,
389 1997 516 2031 fructu
545 2003 689 2039 niagno
714 1993 778 2029 7-9
803 1992 928 2027 lineas
953 1992 1071 2027 diam.
1094 1992 1189 2028 lato.
1218 1991 1359 2027 Planta
1385 1990 1548 2026 floribus
1576 1992 1613 2025 et
1636 1990 1786 2024 statura
1802 1988 1947 2035 ignotis

239 2044 474 2090 incomplete
495 2045 600 2078 nota.

881 2197 901 2215 *
951 2197 970 2215 ²
1020 2196 1158 2233 Aculei
1175 2196 1310 2233 validi.

300 2283 366 2324 36.
403 2281 462 2323 R.
497 2278 881 2333 haematodes,
899 2280 1034 2322 ramis
1063 2279 1261 2322 rubellis.
1293 2279 1456 2321 aculeis
1489 2292 1512 2321 a
1549 2278 1643 2321 basi
1676 2277 1819 2320 latiori
1835 2288 1948 2319 com-

239 2343 394 2396 pressa
427 2341 662 2394 gracilibus
690 2339 972 2382 subincurvis
1000 2339 1144 2381 areola
1169 2338 1347 2380 basilari
1385 2338 1581 2391 elongata
1611 2337 1666 2379 ad
1698 2348 1843 2379 ramos
1870 2336 1948 2378 flo-

238 2401 395 2444 riferos
418 2400 544 2450 raris,
574 2399 746 2452 stipulis
768 2410 991 2441 ramorum
1018 2397 1311 2440 floriferorum
1336 2397 1524 2439 dilatatis
1543 2395 1754 2449 oblongis,
1771 2395 1945 2449 petiolis

237 2460 474 2514 gracilibus
510 2458 719 2511 elongatis
758 2457 924 2500 minute
967 2456 1250 2510 glandulosis,
1288 2456 1442 2498 foliolis
1485 2457 1558 2498 3-5
1602 2455 1767 2498 dissitis
1802 2456 1949 2497 ovato-

239 2519 438 2572 oblongis
454 2517 622 2560 obtusis
635 2516 797 2570 saepius
811 2515 1064 2570 majusculis
1084 2519 1208 2558 acute
1228 2516 1410 2557 serratis
1429 2516 1499 2557 vel
1517 2514 1709 2557 obsolete
1720 2513 1948 2556 biserratis

239 2581 402 2632 praeter
429 2588 589 2619 nervos
622 2575 780 2618 subtus
806 2587 935 2629 parce
960 2578 1003 2617 et
1027 2575 1192 2616 minute
1224 2574 1744 2628 glanduloso-puberulos
1772 2572 1949 2626 glabris,

238 2637 424 2680 floribus
449 2638 465 2678 1
489 2636 555 2677 vel
574 2636 734 2689 saepius
752 2635 826 2676 24
845 2634 1092 2688 pedunculo
1108 2634 1269 2688 saepius
1285 2633 1540 2686 glanduloso
1561 2632 1769 2684 suffultis,
1792 2630 1949 2684 calycis

238 2697 344 2740 tubo
363 2699 489 2738 ovato
515 2695 679 2747 glabro,
707 2693 874 2735 laciniis
899 2692 1172 2747 simplicibus
1200 2693 1394 2746 margine
1416 2691 1685 2745 glandulosis
1703 2691 1828 2744 longe
1850 2702 1951 2732 cau-

241 2755 350 2797 datis
370 2767 564 2809 superne
591 2752 1037 2795 lanceolam-dilatatis
1064 2752 1225 2794 corolla
1249 2751 1392 2806 ampla
1410 2751 1646 2804 sanguinea
1670 2748 1951 2792 brevioribus

239 2815 413 2914 {andem
432 2814 608 2914 reltlexis
636 2815 678 2854 et
704 2811 915 2864 deciduis,
934 2811 1079 2853 fructu
1100 2810 1283 2865 praecoci
1307 2817 1343 2859 26
1357 2843 1366 2851 .
1391 2810 1441 2853 R.
1460 2808 1706 2862 rubrvffolia
1724 2808 1949 2863 Ruprecht

285 2885 342 2915 ss.
370 2885 458 2915 non
520 2906 527 2913 .

289 2948 390 2984 Hah.
416 2949 457 2984 in
484 2949 658 2984 Caucaso
685 2945 877 2991 orientali,
904 2945 1112 2982 Pschawia
1134 2945 1183 2981 ad
1213 2941 1305 2980 fluv.
1332 2945 1505 2988 Aragwa
1527 2942 1645 2987 5000’,
1662 2942 1876 2977 Tuschetia
1899 2939 1951 2977 ad

239 2992 407 3044 limitem
430 2996 674 3043 superiorem
708 2994 914 3041 sylvarum
945 2996 982 3028 et
1013 3003 1133 3040 supra
1166 2991 1332 3028 Zokalto
1360 2990 1492 3037 6000’„
1523 2990 1724 3027 montibus
1741 2988 1885 3025 Tindal
1913 2990 1956 3025 et
