2045 3227
83 199 309 248 Epaobiam.
805 210 1065 238 ONAGRAmAE.
1716 204 1788 240 747

82 281 181 325 latis
204 281 454 324 rosularum
471 283 787 325 autumnalium
808 282 985 334 teneris,
1002 284 1158 336 petalis
1175 284 1391 339 ellipticis‚
1405 286 1588 329 racemis
1605 286 1793 340 foliosiS,

81 340 265 384 floribus
306 342 406 382 ante
434 341 633 382 anthesin
660 341 833 393 erectis,
869 342 1027 396 calycis
1058 343 1225 385 laciniis
1251 344 1502 389 lanceolatis
1528 346 1667 390 acutis
1692 358 1788 388 mu-

80 399 191 451 ticis,
217 399 371 453 petalis
393 399 595 442 violaceis
610 401 678 442 vel
696 400 865 452 albidis,
884 400 1160 454 stigmatibus
1176 402 1328 446 liberis
1347 404 1520 457 patulis,
1543 404 1787 447 seminibus

80 457 484 511 obovato-oblongis
507 459 794 510 tuberculatis
818 460 911 502 basi
935 460 1182 503 rotundatis
1210 464 1266 505 26.
1301 461 1352 503 E.
1374 461 1501 504 molle
1527 462 1644 505 Lam.
1672 463 1785 505 Dict.

79 517 135 569 II,
174 529 216 571 p.
260 517 363 559 475.
402 517 513 559 -Ε,
546 516 791 570 pubescens
828 518 941 561 Roth
964 518 1087 561 Tent.
1118 519 1158 573 I,
1191 532 1233 574 p.
1263 521 1359 563 167.
1390 543 1442 552 -—
1467 521 1524 563 Ic.
1547 521 1668 575 Engl.
1699 521 1785 564 bot.

78 575 164 619 tab.
188 576 285 618 795.

127 648 227 684 Hah.
245 648 287 685 in
305 648 481 685 humidis
510 651 549 685 et
570 649 787 696 paludosis,
817 650 860 685 in
887 651 1044 695 regione
1072 653 1262 687 montana
1283 651 1493 699 vulgatior,
1513 663 1536 688 a
1553 652 1723 689 Graeciai
1748 656 1787 690 et

78 695 266 732 Thracia!
284 695 334 732 ad
348 696 502 742 Syriam
518 696 731 732 littoralem
743 700 781 733 et
790 697 985 733 Libanum
1002 697 1083 741 (ΒΗ
1101 697 1254 744 Gailll),
1269 709 1378 745 prov.
1393 700 1627 736 Caucasicas
1641 700 1787 747 (MR),

77 745 230 779 montes
247 743 391 779 Persiae
410 744 679 780 austro-occid.
699 744 907 790 (Haussk),
924 744 1178 790 Affghaniam
1197 746 1361 791 (Griffl).

135 808 180 862 β.
213 807 492 851 menthoides.
524 834 575 839 -
616 808 733 851 Folia
767 809 1017 851 abbreviata
1058 810 1387 864 ovato-oblonga
1421 813 1691 855 acutiuscula
1715 816 1785 857 vel

77 866 245 910 obtusa.
271 891 330 897 -—
359 867 406 909 E.
433 867 703 910 montboides
728 867 868 910 Boiss.
894 872 937 910 et
959 868 1107 910 Heldr.
1136 869 1288 922 Diagn.
1318 869 1410 912 Ser.
1436 870 1490 922 II,
1515 872 1554 918 2,
1578 884 1617 925 p.
1648 874 1715 914 53.

125 940 226 977 Hab.
247 941 299 976 ad
315 941 465 977 radices
494 941 615 977 Tauri
640 941 788 977 Cilicici
817 941 866 977 ad
889 941 1042 977 Tchifte
1068 941 1155 977 Kan
1184 941 1375 989 (Heldrl),
1399 943 1441 978 in
1467 943 1620 980 Libano
1638 945 1689 980 ad
1706 945 1785 982 Ka-

74 987 207 1033 nobin‚
225 987 313 1024 Mar
329 987 475 1034 Serkis,
493 988 666 1033 Hasrun,
685 991 753 1024 etc.
770 988 836 1033 (Bl
847 990 885 1033 1).

119 1052 182 1087 Ar.
211 1052 344 1097 Geoqr.
367 1051 528 1088 Madera
543 1054 582 1088 et
597 1051 739 1088 insulae
757 1052 1030 1097 Canarienses,
1046 1051 1206 1099 Europa
1223 1053 1355 1088 media
1365 1055 1403 1089 et
1419 1054 1607 1090 australis
1625 1066 1649 1090 a
1664 1055 1783 1091 Scan-

74 1098 236 1135 dinavia
251 1099 301 1134 ad
318 1099 499 1136 Rossiam
517 1099 703 1145 mediam,
720 1099 851 1135 Africa
868 1099 1052 1135 borealis.

133 1255 172 1297 6.
206 1254 263 1298 Ε.
291 1257 647 1299 montanum
671 1255 740 1312 (L.
775 1255 848 1309 Sp.
880 1254 986 1312 494)
1012 1258 1208 1300 breviter
1235 1260 1278 1300 et
1303 1258 1494 1312 crispule
1520 1257 1781 1311 pubescens,

71 1313 186 1356 soliis
212 1314 413 1357 omnibus
440 1315 658 1368 petiolatis
682 1328 707 1358 a
732 1315 826 1358 basi
858 1316 1094 1358 rotundata
1129 1315 1476 1370 ovato-oblongis
1506 1316 1784 1371 inaequaliter

74 1372 467 1425 dentato-serratis,
495 1374 745 1417 rosularum
772 1376 1091 1418 autumnalium
1118 1376 1276 1417 erectis
1304 1375 1627 1420 subimbricatis
1647 1377 1780 1432 'ellip-

73 1430 182 1484 ticis‚
223 1430 410 1475 floribus
450 1434 550 1475 ante
590 1434 793 1476 anthesin
829 1434 1105 1487 nutantibus,
1132 1435 1291 1488 calycis
1326 1435 1496 1478 laciniis
1531 1437 1785 1481 lanceolatis

72 1490 401 1544 obtusiusculis,
428 1491 584 1545 petalis
609 1492 769 1546 pallide
793 1492 950 1546 roseis,
972 1494 1250 1547 stigmatibus
1276 1493 1426 1537 liberis
1451 1496 1627 1548 patulis,
1652 1495 1782 1538 se‘mi—

71 1550 204 1592 nibus
228 1550 516 1593 tuberculatis
556 1551 748 1606 oblongis
785 1551 878 1594 basi
914 1552 1236 1596 subattenuatis
1271 1553 1440 1596 obtusis
1471 1557 1528 1600 36.
1553 1553 1611 1597 Ic.
1638 1554 1777 1598 Rchb.

70 1607 128 1661 II,·
152 1608 238 1651 tab.
267 1610 360 1652 189.

117 1681 220 1717 Hah.
238 1681 279 1716 in
299 1682 503 1727 sylvaticis
520 1683 695 1720 humidis
713 1685 932 1731 praesertim
957 1684 1193 1732 subalpinis,
1211 1684 1373 1732 Olympi
1391 1685 1573 1722 Thessali
1588 1687 1730 1731 (Heldr
1742 1689 1782 1732 ἱ),

71 1728 234 1775 Olympi
251 1728 415 1775 Bithyni
433 1729 575 1775 (Sibth,
594 1732 720 1768 Auch.
738 1731 850 1768 2833!
870 1732 1031 1778 Boiss!)‚
1047 1732 1161 1768 Ponti
1175 1733 1226 1767 ad
1241 1733 1527 1779 Trapezuntem
1542 1733 1726 1779 (Bourgl)
1742 1738 1780 1770 et

68 1776 110 1811 in
138 1775 243 1811 valle
271 1776 410 1823 Djimil
443 1777 509 1813 alt.
540 1778 646 1815 6000’
680 1779 820 1824 (Ball).
855 1779 1053 1815 Anatoliae
1079 1780 1160 1815 bor.
1193 1779 1244 1815 ad
1272 1780 1471 1826 Toptscha
1503 1783 1541 1816 et
1576 1781 1778 1817 Mersivan

70 1823 248 1868 (Wiedt)‚
266 1824 462 1860 Armeniae
480 1826 665 1861 australis
697 1826 747 1861 ad
773 1826 981 1863 Goschkar
1005 1827 1070 1862 alt.
1097 1826 1201 1862 6000’
1230 1826 1323 1872 (Ky.
1342 1827 1459 1872 3590,
1488 1828 1528 1863 in
1554 1828 1779 1875 subalpinis

68 1870 188 1906 totius
205 1870 371 1906 Caucasi
388 1871 577 1918 (Ledeb.),
595 1873 761 1909 Caucasi
778 1874 964 1910 australis
979 1873 1206 1919 (Owerinl).

114 1935 176 1971 Ar.
204 1935 336 1981 Geoqr.
355 1935 514 1983 Europa
529 1937 699 1973 borealis
715 1940 753 1973 et
770 1938 901 1974 media
916 1938 967 1973 ad
981 1938 1127 1984 Anglia
1141 1940 1178 1973 et
1192 1937 1456 1974 Scandinavia
1472 1938 1522 1974 ad
1539 1939 1778 1985 Hispaniam

69 1984 108 2018 et
124 1981 278 2018 Italiam
296 1983 456 2027 medias,
474 1984 718 2020 Dalmatiam
732 1987 771 2021 et
787 1985 981 2030 Rossiam‚
1003 1985 1147 2021 Sibiria
1160 1985 1302 2020 omnis.

64 2138 67 2139 ’
131 2133 169 2173 7.
202 2131 258 2173 E.
282 2131 684 2176 lanceolatum
711 2132 901 2188 (Sebast.
937 2136 980 2175 et
1014 2133 1150 2175 Maur.
1179 2133 1241 2175 Fl.
1268 2132 1390 2176 Rom.
1420 2133 1574 2175 Prodr.
1609 2146 1649 2187 p.
1682 2134 1776 2185 138,

66 2190 157 2233 tab.
193 2191 238 2242 1,
265 2190 335 2244 fig.
364 2190 411 2245 2)
438 2191 492 2233 ad
522 2192 666 2234 caules
704 2195 749 2234 et
784 2204 943 2235 nervos
980 2192 1174 2234 breviter
1212 2196 1255 2234 et
1295 2192 1485 2245 crispule
1514 2193 1776 2245 pubescenS‚

67 2249 180 2292 foliis
205 2250 406 2292 omnibus
427 2250 696 2303 longiuscule
719 2251 934 2305 petiolatis
955 2265 977 2293 a
999 2250 1093 2302 basi
1119 2253 1301 2293 cuneata
1319 2251 1777 2304 oblongo-lanceolatis

66 2311 231 2351 remote
255 2308 544 2362 denticulatis,
571 2311 821 2352 rosularum
844 2309 1161 2352 autumnalium
1183 2309 1433 2352 lanceolatis
1462 2311 1635 2363 patulis,
1658 2309 1775 2351 ssori-

66 2366 150 2410 bus
175 2370 274 2410 ante
295 2367 493 2410 anthesin
526 2369 715 2421 cernuis,
747 2369 905 2422 calycis
938 2368 1102 2411 laciniis
1132 2369 1379 2411 lanceolatis
1418 2369 1555 2410 acutis
1587 2368 1775 2420 muticis,

67 2426 223 2480 petalis
250 2426 404 2469 albidis
439 2427 612 2469 tandem
637 2428 791 2479 roseis,
818 2428 1092 2481 stigmatibus
1127 2426 1277 2470 liberis
1320 2427 1494 2481 patulis,
1532 2427 1773 2469 seminibus

66 2485 258 2527 tenuiter
291 2484 580 2528 tuberculatis
621 2487 1023 2540 oblongo-obovatis
1057 2486 1151 2529 basi
1183 2488 1402 2528 attenuata
1434 2487 1679 2528 rotundatis
1714 2489 1772 2530 36.

66 2543 119 2584 E.
140 2546 400 2586 montanum
422 2557 511 2586 var.
536 2545 828 2587 banccolatmn
852 2545 970 2588 Koch
993 2545 1101 2599 Syn.
1126 2545 1159 2597 Ι,
1183 2558 1224 2599 p.
1255 2547 1353 2587 ⁹266.

112 2616 214 2652 Hah.
233 2617 273 2652 in
294 2617 499 2662 sylvaticis
518 2619 736 2665 praesertim
756 2619 1002 2665 subalpinis,
1030 2619 1182 2654 Graecia
1211 2619 1251 2654 in
1277 2619 1488 2653 castanetis
1519 2629 1637 2666 supra
1668 2622 1772 2654 Ana-

67 2665 169 2709 vryti
187 2664 375 2709 Laconioe,
394 2665 433 2700 in
454 2665 580 2710 sylvis
607 2666 656 2701 ad
685 2667 815 2702 lacum
842 2667 1025 2701 Pheneon
1055 2666 1233 2701 Arcadiae
1262 2669 1296 2700 ot
1326 2666 1364 2700 in
1394 2666 1551 2711 regione
1581 2667 1771 2711 sulm-imi

64 2711 210 2746 montis
236 2711 379 2757 Delphi
405 2711 552 2747 Eubeae
577 2713 762 2758 (Heldrl),
792 2724 913 2759 prope
942 2713 1175 2758 Byzantium
1196 2713 1438 2758 (Wiedeml),
1458 2714 1494 2747 in
1514 2718 1646 2748 monto
1668 2713 1772 2748 Atlio

66 2757 271 2802 (Grisebt),
295 2758 336 2794 in
366 2759 568 2794 montibus
585 2760 634 2795 ad
668 2760 880 2805 Smyrnam
913 2760 1094 2805 (Boissl),
1128 2761 1168 2795 in
1204 2760 1308 2795 valle
1344 2760 1421 2795 Kar
1459 2760 1613 2804 linguas
1649 2760 1770 2795 'l'auri

66 2804 213 2840 Cilicici
230 2805 368 2851 (Ball),
386 2806 427 2840 in
448 2806 650 2841 montibus
669 2807 949 2842 humilioribus
968 2808 1155 2843 Imeretiae
1175 2807 1346 2853 (Ruprl).

111 2867 223 2903 FolIa
240 2868 296 2903 eis
316 2868 362 2903 Ε.
381 2869 564 2904 montani
579 2871 809 2915 angustiora
826 2870 980 2905 minora
998 2870 1131 2905 axillis
1151 2870 1296 2916 saepius
1315 2870 1575 2913 ramuligoris.

115 2932 171 2967 Ar.
198 2932 330 2977 Geoqr.
350 2932 480 2968 Gallia
507 2934 628 2969 occid.
658 2940 696 2969 et
724 2935 863 2980 media,
894 2934 1087 2981 Hispania
1117 2933 1289 2970 borealis
1321 2936 1358 2969 et
1386 2934 1527 2978 media,
1557 2933 1771 2969 Germania

67 2978 329 3024 occidentalis,
348 2979 472 3026 ltalia,
486 2980 699 3016 Dalmatia.
