1994 3211
114 207 209 248 1028
807 219 1114 249 mmmmm.
1480 211 1806 262 Cymbocarpum.

115 292 382 335 distinctum.
415 292 456 336 C.
480 290 780 346 maminotum
814 292 1008 346 margine
1034 291 1393 347 mericarpiorum
1421 294 1660 339 incrassato
1684 299 1807 341 tran—

116 352 248 394 situm
271 351 325 393 ad
347 351 612 393 Ducrosiam
631 351 804 393 indicat.

176 514 212 554 1.
247 511 301 554 C.
328 510 678 555 anethoides
704 512 802 566 (uc.
830 511 982 555 Prodr.
1009 512 1087 555 loc.
1116 512 1184 555 cit.
1214 512 1261 554 in
1282 512 1405 569 nota)
1422 512 1634 567 pumilum
1659 525 1683 554 a
1708 512 1803 556 basi

112 571 352 614 dichotome
377 574 419 613 et
443 571 794 613 subdivaricatim
811 582 1044 619 ramosum,
1062 571 1273 624 glabrum,
1290 571 1402 615 foliis
1422 570 1587 614 ambitu
1605 568 1803 624 oblongis

111 631 156 673 in
182 629 359 672 lacinias
381 629 662 672 tenuissimas
686 629 1052 672 lineari-setaceas
1085 628 1384 684 multipartitis
1417 629 1572 684 vagina
1607 630 1802 683 superio-

110 700 209 731 rum
236 688 701 738 albo-membranacea‚
728 688 928 730 umbellae
951 688 1085 731 radiis
1115 689 1244 731 10-18
1269 689 1499 739 tenuibuS‚
1528 689 1805 742 mericarpiis

110 746 631 801 elliptico-subquadratis
654 746 1108 801 pruinoso-puberulis
1125 747 1250 789 valde
1265 748 1464 790 concavis
1488 747 1683 801 margine
1706 746 1805 791 albo

109 819 198 849 non
221 806 370 848 inflato
395 810 460 856 Θ.
489 804 742 847 Ancillam?
761 803 1095 859 cymbocarpum
1120 818 1201 849 nc.
1228 806 1358 849 Prod.
1386 806 1458 848 IV.
1485 818 1527 860 p.
1555 807 1650 849 186.
1727 827 1732 829 ·

156 878 257 914 Hah.
282 879 323 914 in
340 878 509 914 collibus
535 879 645 914 siccis
673 878 869 914 Armeniae
892 878 1063 914 Rossicaa
1088 878 1192 914 inter
1211 878 1518 914 Nackitchevvan
1545 881 1585 915 et
1613 878 1803 915 Ordubad

107 924 312 970 (Kowall),
342 926 522 971 Georgiae
549 926 771 961 Caucasicae
796 935 917 972 prope
940 924 1215 972 Elisabethpol
1241 925 1448 970 (Hohenl),
1473 926 1515 961 in
1540 936 1649 972 prov.
1676 925 1798 962 Kara-

106 972 431 1055 llgzigllvilapiientali
464 975 502 1009 et
532 972 575 1008 in
605 973 749 1009 Persiae
781 982 889 1019 prov.
923 972 1166 1019 Aderbidjan
1197 982 1318 1019 prope
1356 972 1588 1020 Seidkhodji
1632 973 1750 1018 (Szov
1760 975 1798 1019 1).

152 1082 295 1119 Planta
309 1082 601 1129 3-5-pollicaris‚
628 1083 743 1119 flores
769 1083 848 1119 fere
870 1082 1004 1120 Dauci
1019 1082 1175 1121 Carotae
1189 1084 1257 1120 sed
1282 1094 1423 1131 parum
1440 1084 1658 1131 radiantes,
1685 1085 1803 1121 meri-

109 1131 241 1176 carpia
258 1129 531 1176 cymbiformia
550 1130 830 1176 sesquilineam
846 1132 1001 1166 tantum
1017 1130 1148 1177 longa.

169 1278 207 1319 2.
243 1276 294 1320 C.
323 1276 689 1331 erythraeum
708 1275 803 1330 (nc.
823 1275 977 1318 Prodr.
1001 1275 1075 1328 IV,
1093 1289 1133 1331 p.
1157 1277 1239 1318 186
1259 1277 1342 1319 sub
1359 1275 1566 1331 Anetlw.)
1582 1276 1800 1330 pumilum

106 1336 317 1390 glabrum,
341 1348 364 1377 a
390 1336 483 1378 basi
504 1347 722 1378 ramosum
750 1335 882 1377 ramis
907 1335 1367 1387 subdecumbentibus,
1392 1335 1508 1377 foliis
1536 1335 1683 1389 parvis
1710 1348 1800 1377 am-

107 1395 199 1437 bitu
224 1394 362 1436 ovatis
395 1395 441 1436 in
476 1394 682 1437 lacinulas
721 1394 880 1435 breves
916 1394 1128 1436 confertas
1165 1394 1555 1448 oblongo-lineares
1595 1393 1799 1438 minimas

105 1453 418 1507 multipartitis,
453 1453 620 1506 vaginis
644 1453 924 1507 superiorum
941 1452 1414 1505 albo-membranaceis,
1440 1452 1643 1495 umbellis
1672 1454 1799 1495 7-12-

105 1512 297 1562 radians
324 1512 544 1566 pedioellis
578 1513 722 1554 fructu
755 1512 829 1553 vix
863 1512 1153 1565 longioribus,
1182 1511 1453 1566 mericarpiis
1480 1510 1683 1565 ellipticis
1707 1512 1798 1565 gla-

101 1570 195 1612 bris
223 1570 505 1613 subcoucavis
522 1571 716 1623 margine
732 1571 826 1613 albo
842 1583 930 1613 non
951 1570 1101 1613 inflato
1129 1575 1193 1621 Θ.
1219 1570 1259 1613 C.
1277 1569 1529 1612 amthoides
1550 1569 1594 1612 G.
1615 1570 1664 1612 A.
1685 1570 1796 1624 Mey.

103 1630 258 1672 Enum.
284 1642 369 1671 nou
394 1642 474 1672 nc.

149 1702 253 1738 Hah.
276 1704 318 1738 in
336 1703 522 1749 glareosis
556 1703 659 1738 infra
691 1705 864 1739 montem
890 1703 1015 1738 Avrin
1043 1702 1246 1738 districtus
1278 1701 1383 1739 Khoi
1411 1712 1522 1749 prov.
1552 1702 1797 1748 Aderbidjan

100 1749 245 1785 Persiae
272 1750 439 1785 borealis
466 1750 598 1794 (Szovl
625 1751 666 1786 in
690 1751 797 1786 herb.
823 1751 924 1795 nc),
958 1751 1001 1785 in
1025 1749 1217 1797 lapidosis
1249 1750 1444 1785 montium
1474 1749 1649 1795 Talysch
1675 1760 1799 1797 prope

101 1796 240 1832 Swant
259 1797 364 1842 (CA.
382 1797 473 1842 Mey
485 1799 520 1841 2).

148 1860 269 1895 Valde
287 1860 400 1895 affine
421 1860 654 1905 praecedenti
670 1870 694 1895 a
711 1870 789 1906 quo
806 1862 947 1906 praeter
970 1859 1165 1895 lacinulas
1181 1859 1366 1895 foliorum
1389 1858 1639 1894 abbreviatas
1668 1859 1799 1895 differt

99 1909 252 1942 tantum
271 1907 510 1953 mericarpiis
532 1908 662 1942 minus
683 1907 873 1951 concavis,
892 1906 1042 1952 glabris
1060 1917 1130 1943 nec
1143 1906 1363 1953 pruinosis,
1382 1906 1512 1942 rubris
1529 1906 1634 1942 unde
1651 1916 1797 1942 nomen

100 1954 335 2000 specificum.
364 1954 525 1989 Fructus
555 1954 596 1989 in
620 1965 719 2000 spec.
747 1953 930 1989 Szovitsii
955 1954 980 1990 2
1001 1954 1042 1999 Ἴ.
1061 1954 1128 1989 lin.
1156 1953 1310 1999 longus,
1339 1954 1380 1989 in
1409 1953 1623 1999 Meyerano
1654 1953 1725 1989 illo
1757 1953 1796 1990 G.

101 2000 319 2037 anechoidis
338 2011 417 2036 non
439 2002 576 2047 major.

158 2140 196 2181 3.
232 2138 286 2181 C.
316 2137 745 2192 Wiedemanni,
766 2140 848 2182 sub
868 2140 987 2182 lente
1007 2139 1173 2182 minute
1195 2141 1239 2181 et
1262 2140 1450 2193 sparsim
1474 2140 1748 2194 papillosum,
1770 2153 1796 2184 a

97 2198 190 2239 basi
211 2198 555 2240 ramosissimum
573 2199 706 2240 ramis
721 2198 1026 2241 crassiusculis
1053 2198 1313 2250 divaricatis,
1330 2198 1445 2241 foliis
1462 2199 1628 2241 ambitu
1647 2203 1798 2242 ovato-

95 2255 291 2309 oblongis
319 2256 363 2297 in
385 2256 558 2298 lacinias
587 2257 986 2299 lineari-filiformes
1010 2257 1268 2300 divaricatas
1295 2257 1613 2311 multipartitis,
1639 2258 1796 2311 vagina

95 2315 374 2368 superiorum
417 2314 870 2369 albo-membranacea,
907 2316 1109 2358 umbellae
1136 2315 1271 2358 radiis
1308 2317 1440 2358 10-14
1474 2316 1794 2370 crassiusculis‚

94 2372 316 2426 pedicellis
342 2374 485 2415 fructu
513 2373 729 2427 subduplo
765 2374 1048 2427 longioribus,
1075 2374 1345 2428 mericarpiis
1369 2374 1474 2429 (non
1505 2375 1632 2428 plane
1657 2378 1796 2417 matu-

94 2431 180 2486 ris)
205 2430 366 2485 glabris
393 2431 592 2485 cllipticis
616 2446 770 2486 parum
797 2434 995 2475 concavis
1019 2434 1214 2487 margine
1237 2433 1359 2476 tenui
1384 2433 1695 2486 angustissimo
1725 2438 1790 2484 O.

142 2504 242 2539 Hal).
257 2504 298 2540 in
316 2504 498 2540 Anatolia
514 2505 662 2541 boreali
678 2505 728 2541 ad
746 2506 945 2551 Hamanli,
961 2506 1181 2552 Safranhol,
1197 2506 1410 2542 Mersiwan
1428 2506 1664 2552 (Wiedeml).

139 2567 403 2614 Semipedale;
431 2569 541 2613 rami,
565 2570 746 2615 pedicelli
763 2572 801 2606 et
816 2570 971 2605 laciniae
988 2570 1173 2605 foliorum
1191 2569 1248 2606 eis
1267 2571 1300 2606 C.
1321 2569 1538 2606 anethoidis
1554 2572 1593 2605 et
1609 2569 1800 2617 erythraei

92 2615 391 2658 summissiores,
418 2626 441 2650 a
468 2616 594 2662 priore
615 2617 742 2652 fructu
771 2617 918 2663 glabro,
941 2627 964 2652 a
995 2618 1206 2663 posteriore
1236 2616 1438 2663 pedicellis
1466 2617 1723 2662 longioribus,
1740 2617 1794 2652 ab

88 2665 264 2745 3312?ng
268 2665 323 2744 tilirtl
327 2662 494 2744 cxiiffiaeltur
511 2664 687 2708 margine
704 2664 1022 2710 mericarpiorum
1040 2664 1321 2710 angustissimo
1338 2666 1377 2699 et
1392 2665 1542 2700 semine
1556 2664 1688 2700 minus
1701 2674 1794 2700 con·

147 2850 187 2890 4.
223 2849 278 2893 C.
307 2849 730 2904 marginatum,
763 2864 938 2903 nanum,
974 2851 1189 2904 glabrum,
1225 2852 1347 2894 caule
1382 2851 1540 2905 pusillo
1566 2862 1695 2905 parce
1720 2863 1792 2893 ra-

88 2919 224 2959 moso,
247 2908 359 2950 foliis
387 2908 533 2960 parvis
559 2908 722 2951 ambitu
749 2909 1146 2953 ovato-orbiculatis
1171 2911 1216 2952 in
1240 2909 1416 2952 lacinias
1436 2910 1595 2952 breves
1615 2910 1791 2952 lineari-

88 2969 280 3009 setaceas
303 2966 617 3020 multipartitis,
642 2968 847 3010 umbellis
878 2969 1028 3022 parvis
1054 2968 1347 3022 5-7-radiatis,
1374 2968 1643 3023 mericarpiis
1665 2968 1791 3023 ellip-
