<?xml version="1.0" encoding="UTF-8"?>
<!DOCTYPE html PUBLIC "-//W3C//DTD XHTML 1.0 Transitional//EN"
    "http://www.w3.org/TR/xhtml1/DTD/xhtml1-transitional.dtd">
<html xmlns="http://www.w3.org/1999/xhtml" xml:lang="en" lang="en">
 <head>
  <title>
</title>
<meta http-equiv="Content-Type" content="text/html;charset=utf-8" />
  <meta name='ocr-system' content='tesseract 3.04.00' />
  <meta name='ocr-capabilities' content='ocr_page ocr_carea ocr_par ocr_line ocrx_word'/>
</head>
<body>
  <div class='ocr_page' id='page_1' title='image "./floraorientaliss02bois_0344.png"; bbox 0 0 2065 3236; ppageno 0'>
   <div class='ocr_carea' id='block_1_1' title="bbox 269 201 1963 249">
    <p class='ocr_par' dir='ltr' id='par_1_1' title="bbox 269 201 1963 249">
     <span class='ocr_line' id='line_1_1' title="bbox 269 201 1963 249; baseline -0.002 -7"><span class='ocrx_word' id='word_1_1' title='bbox 269 213 341 249; x_wconf 80' lang='lat'>336</span> <span class='ocrx_word' id='word_1_2' title='bbox 847 212 1124 240; x_wconf 79' lang='lat' dir='ltr'><strong>LEGUMINOSAE.</strong></span> <span class='ocrx_word' id='word_1_3' title='bbox 1197 201 1439 247; x_wconf 70' lang='lat' dir='ltr'>Ascrassalus</span> <span class='ocrx_word' id='word_1_4' title='bbox 1456 201 1603 246; x_wconf 77' lang='lat' dir='ltr'><strong>(XLIII.</strong></span> <span class='ocrx_word' id='word_1_5' title='bbox 1623 201 1963 248; x_wconf 78' lang='lat' dir='ltr'>stenonychium)‚</span> 
     </span>
    </p>
   </div>
   <div class='ocr_carea' id='block_1_2' title="bbox 273 280 1963 454">
    <p class='ocr_par' dir='ltr' id='par_1_2' title="bbox 273 280 1963 454">
     <span class='ocr_line' id='line_1_2' title="bbox 273 280 1962 335; baseline -0.005 -1"><span class='ocrx_word' id='word_1_6' title='bbox 273 291 490 335; x_wconf 85' lang='lat' dir='ltr'>cularibus</span> <span class='ocrx_word' id='word_1_7' title='bbox 527 287 662 330; x_wconf 87' lang='lat' dir='ltr'>acutis</span> <span class='ocrx_word' id='word_1_8' title='bbox 696 286 824 328; x_wconf 89' lang='lat' dir='ltr'>dorso</span> <span class='ocrx_word' id='word_1_9' title='bbox 857 284 1036 335; x_wconf 74' lang='lat' dir='ltr'>villosis,</span> <span class='ocrx_word' id='word_1_10' title='bbox 1069 281 1222 335; x_wconf 85' lang='lat' dir='ltr'>calycis</span> <span class='ocrx_word' id='word_1_11' title='bbox 1250 280 1451 323; x_wconf 81' lang='lat' dir='ltr'>dentibus</span> <span class='ocrx_word' id='word_1_12' title='bbox 1490 281 1609 335; x_wconf 81' lang='lat' dir='ltr'>apice</span> <span class='ocrx_word' id='word_1_13' title='bbox 1641 281 1846 335; x_wconf 84' lang='lat' dir='ltr'>glabratis</span> <span class='ocrx_word' id='word_1_14' title='bbox 1885 284 1962 326; x_wconf 90' lang='lat' dir='ltr'>sed</span> 
     </span>
     <span class='ocr_line' id='line_1_3' title="bbox 274 339 1962 394; baseline -0.005 -2"><span class='ocrx_word' id='word_1_15' title='bbox 274 352 374 393; x_wconf 87' lang='lat' dir='ltr'>villo</span> <span class='ocrx_word' id='word_1_16' title='bbox 403 347 622 391; x_wconf 83' lang='lat' dir='ltr'>occultatis</span> <span class='ocrx_word' id='word_1_17' title='bbox 643 345 748 387; x_wconf 87' lang='lat' dir='ltr'>tubo</span> <span class='ocrx_word' id='word_1_18' title='bbox 770 341 1144 393; x_wconf 88' lang='lat' dir='ltr'>subbrevioribus,</span> <span class='ocrx_word' id='word_1_19' title='bbox 1175 339 1318 382; x_wconf 86' lang='lat' dir='ltr'>vexilli</span> <span class='ocrx_word' id='word_1_20' title='bbox 1344 340 1498 381; x_wconf 72' lang='lat' dir='ltr'>lamina</span> <span class='ocrx_word' id='word_1_21' title='bbox 1525 340 1840 394; x_wconf 87' lang='lat' dir='ltr'>panduriformi</span> <span class='ocrx_word' id='word_1_22' title='bbox 1868 341 1962 385; x_wconf 89' lang='lat' dir='ltr'>basi</span> 
     </span>
     <span class='ocr_line' id='line_1_4' title="bbox 274 397 1963 454; baseline -0.004 -3"><span class='ocrx_word' id='word_1_23' title='bbox 274 409 426 452; x_wconf 86' lang='lat' dir='ltr'>obtuse</span> <span class='ocrx_word' id='word_1_24' title='bbox 450 405 687 448; x_wconf 74' lang='lat' dir='ltr'>auriculata</span> <span class='ocrx_word' id='word_1_25' title='bbox 711 403 756 444; x_wconf 88' lang='lat' dir='ltr'>in</span> <span class='ocrx_word' id='word_1_26' title='bbox 776 412 965 454; x_wconf 85' lang='lat' dir='ltr'>unguem</span> <span class='ocrx_word' id='word_1_27' title='bbox 991 404 1222 442; x_wconf 84' lang='lat' dir='ltr'>cuneatum</span> <span class='ocrx_word' id='word_1_28' title='bbox 1245 397 1643 451; x_wconf 87' lang='lat' dir='ltr'>sesquibreviorem</span> <span class='ocrx_word' id='word_1_29' title='bbox 1680 403 1899 444; x_wconf 72' lang='lat' dir='ltr'>attenuata</span> <span class='ocrx_word' id='word_1_30' title='bbox 1926 407 1963 450; x_wconf 71' lang='lat'>§-</span> 
     </span>
    </p>
   </div>
   <div class='ocr_carea' id='block_1_3' title="bbox 321 472 1617 518">
    <p class='ocr_par' dir='ltr' id='par_1_3' title="bbox 321 472 1617 518">
     <span class='ocr_line' id='line_1_5' title="bbox 321 472 1617 518; baseline -0.005 -2"><span class='ocrx_word' id='word_1_31' title='bbox 321 481 421 517; x_wconf 85' lang='lat' dir='ltr'>Hah.</span> <span class='ocrx_word' id='word_1_32' title='bbox 448 481 485 515; x_wconf 87' lang='lat' dir='ltr'>in</span> <span class='ocrx_word' id='word_1_33' title='bbox 500 479 688 515; x_wconf 80' lang='lat' dir='ltr'>montosis</span> <span class='ocrx_word' id='word_1_34' title='bbox 709 477 759 512; x_wconf 84' lang='lat' dir='ltr'>ad</span> <span class='ocrx_word' id='word_1_35' title='bbox 780 476 940 511; x_wconf 83' lang='lat' dir='ltr'>boream</span> <span class='ocrx_word' id='word_1_36' title='bbox 968 474 1074 509; x_wconf 90' lang='lat' dir='ltr'>urbis</span> <span class='ocrx_word' id='word_1_37' title='bbox 1089 473 1210 509; x_wconf 87' lang='lat' dir='ltr'>Herat</span> <span class='ocrx_word' id='word_1_38' title='bbox 1227 472 1453 518; x_wconf 78' lang='lat' dir='ltr'>Affghaniae</span> <span class='ocrx_word' id='word_1_39' title='bbox 1471 473 1569 518; x_wconf 83' lang='lat' dir='ltr'>(Bge</span> <span class='ocrx_word' id='word_1_40' title='bbox 1581 475 1617 518; x_wconf 79' lang='lat' dir='ltr'>l).</span> 
     </span>
    </p>
   </div>
   <div class='ocr_carea' id='block_1_4' title="bbox 276 536 1967 682">
    <p class='ocr_par' dir='ltr' id='par_1_4' title="bbox 276 536 1967 682">
     <span class='ocr_line' id='line_1_6' title="bbox 321 536 1967 585; baseline -0.002 -7"><span class='ocrx_word' id='word_1_41' title='bbox 321 543 444 578; x_wconf 81' lang='lat' dir='ltr'>Valde</span> <span class='ocrx_word' id='word_1_42' title='bbox 476 542 600 577; x_wconf 86' lang='lat' dir='ltr'>affinis</span> <span class='ocrx_word' id='word_1_43' title='bbox 630 540 678 575; x_wconf 91' lang='lat' dir='ltr'>A.</span> <span class='ocrx_word' id='word_1_44' title='bbox 701 537 983 575; x_wconf 74' lang='lat' dir='ltr'>Chorassam‘co</span> <span class='ocrx_word' id='word_1_45' title='bbox 1006 536 1114 582; x_wconf 89' lang='lat' dir='ltr'>cujus</span> <span class='ocrx_word' id='word_1_46' title='bbox 1134 536 1266 571; x_wconf 82' lang='lat' dir='ltr'>forsan</span> <span class='ocrx_word' id='word_1_47' title='bbox 1298 536 1423 571; x_wconf 83' lang='lat' dir='ltr'>forma</span> <span class='ocrx_word' id='word_1_48' title='bbox 1446 538 1483 571; x_wconf 94' lang='lat' dir='ltr'>et</span> <span class='ocrx_word' id='word_1_49' title='bbox 1501 547 1523 571; x_wconf 89' lang='lat' dir='ltr'>a</span> <span class='ocrx_word' id='word_1_50' title='bbox 1538 547 1615 583; x_wconf 90' lang='lat' dir='ltr'>quo</span> <span class='ocrx_word' id='word_1_51' title='bbox 1635 547 1682 572; x_wconf 87' lang='lat' dir='ltr'>ex</span> <span class='ocrx_word' id='word_1_52' title='bbox 1706 539 1813 574; x_wconf 88' lang='lat' dir='ltr'>amic.</span> <span class='ocrx_word' id='word_1_53' title='bbox 1834 539 1967 585; x_wconf 87' lang='lat' dir='ltr'>Bunge</span> 
     </span>
     <span class='ocr_line' id='line_1_7' title="bbox 277 582 1967 633; baseline -0.004 -7"><span class='ocrx_word' id='word_1_54' title='bbox 277 591 402 625; x_wconf 81' lang='lat' dir='ltr'>differt</span> <span class='ocrx_word' id='word_1_55' title='bbox 417 588 562 624; x_wconf 84' lang='lat' dir='ltr'>foliolis</span> <span class='ocrx_word' id='word_1_56' title='bbox 581 586 842 633; x_wconf 74' lang='lat' dir='ltr'>paucioribus,</span> <span class='ocrx_word' id='word_1_57' title='bbox 867 584 991 631; x_wconf 84' lang='lat' dir='ltr'>spinis</span> <span class='ocrx_word' id='word_1_58' title='bbox 1018 583 1264 619; x_wconf 83' lang='lat' dir='ltr'>tenuioribus</span> <span class='ocrx_word' id='word_1_59' title='bbox 1292 582 1536 628; x_wconf 79' lang='lat' dir='ltr'>longioribus</span> <span class='ocrx_word' id='word_1_60' title='bbox 1560 585 1619 618; x_wconf 84' lang='lat'>1-1</span> <span class='ocrx_word' id='word_1_61' title='bbox 1636 584 1677 629; x_wconf 55' lang='grc' dir='ltr'>Ἀ</span> <span class='ocrx_word' id='word_1_62' title='bbox 1701 584 1967 632; x_wconf 74' lang='lat' dir='ltr'>pollicaribus⁷</span> 
     </span>
     <span class='ocr_line' id='line_1_8' title="bbox 276 630 1681 682; baseline -0.004 -10"><span class='ocrx_word' id='word_1_63' title='bbox 276 638 315 672; x_wconf 90' lang='lat' dir='ltr'>in</span> <span class='ocrx_word' id='word_1_64' title='bbox 334 640 495 682; x_wconf 82' lang='lat' dir='ltr'>utroque</span> <span class='ocrx_word' id='word_1_65' title='bbox 514 635 646 670; x_wconf 73' lang='lat' dir='ltr'>&lt;lentes</span> <span class='ocrx_word' id='word_1_66' title='bbox 665 632 807 678; x_wconf 75' lang='lat' dir='ltr'>calycis</span> <span class='ocrx_word' id='word_1_67' title='bbox 826 632 934 678; x_wconf 82' lang='lat' dir='ltr'>apice</span> <span class='ocrx_word' id='word_1_68' title='bbox 950 630 1119 676; x_wconf 83' lang='lat' dir='ltr'>glabrati</span> <span class='ocrx_word' id='word_1_69' title='bbox 1137 640 1206 665; x_wconf 91' lang='lat' dir='ltr'>nec</span> <span class='ocrx_word' id='word_1_70' title='bbox 1226 632 1355 665; x_wconf 83' lang='lat' dir='ltr'>tamen</span> <span class='ocrx_word' id='word_1_71' title='bbox 1372 639 1393 665; x_wconf 93' lang='lat' dir='ltr'>e</span> <span class='ocrx_word' id='word_1_72' title='bbox 1411 630 1507 665; x_wconf 89' lang='lat' dir='ltr'>villo</span> <span class='ocrx_word' id='word_1_73' title='bbox 1527 632 1681 666; x_wconf 83' lang='lat' dir='ltr'>exserti.</span> 
     </span>
    </p>
   </div>
   <div class='ocr_carea' id='block_1_5' title="bbox 278 780 1969 1189">
    <p class='ocr_par' dir='ltr' id='par_1_5' title="bbox 278 780 1969 1189">
     <span class='ocr_line' id='line_1_9' title="bbox 337 780 1968 837; baseline -0.003 -8"><span class='ocrx_word' id='word_1_74' title='bbox 337 788 432 829; x_wconf 79' lang='lat'>325.</span> <span class='ocrx_word' id='word_1_75' title='bbox 467 785 525 828; x_wconf 82' lang='lat' dir='ltr'>A.</span> <span class='ocrx_word' id='word_1_76' title='bbox 552 782 1052 826; x_wconf 85' lang='lat' dir='ltr'>Marschallianus</span> <span class='ocrx_word' id='word_1_77' title='bbox 1069 781 1227 837; x_wconf 81' lang='lat' dir='ltr'>(Fisch.</span> <span class='ocrx_word' id='word_1_78' title='bbox 1247 780 1348 835; x_wconf 87' lang='lat' dir='ltr'>Syn.</span> <span class='ocrx_word' id='word_1_79' title='bbox 1370 781 1494 834; x_wconf 80' lang='lat' dir='ltr'>Trag.</span> <span class='ocrx_word' id='word_1_80' title='bbox 1520 795 1558 836; x_wconf 85' lang='lat' dir='ltr'>p.</span> <span class='ocrx_word' id='word_1_81' title='bbox 1588 781 1662 836; x_wconf 76' lang='grc'>16)</span> <span class='ocrx_word' id='word_1_82' title='bbox 1683 781 1968 824; x_wconf 87' lang='lat' dir='ltr'>fruticulosus</span> 
     </span>
     <span class='ocr_line' id='line_1_10' title="bbox 278 840 1967 896; baseline -0.003 -8"><span class='ocrx_word' id='word_1_83' title='bbox 278 857 473 888; x_wconf 85' lang='lat' dir='ltr'>ramosus</span> <span class='ocrx_word' id='word_1_84' title='bbox 507 843 642 896; x_wconf 78' lang='lat' dir='ltr'>spin1s</span> <span class='ocrx_word' id='word_1_85' title='bbox 669 841 872 883; x_wconf 81' lang='lat' dir='ltr'>tenuibus</span> <span class='ocrx_word' id='word_1_86' title='bbox 909 841 1127 890; x_wconf 84' lang='lat' dir='ltr'>horridus,</span> <span class='ocrx_word' id='word_1_87' title='bbox 1168 840 1341 894; x_wconf 84' lang='lat' dir='ltr'>stipulis</span> <span class='ocrx_word' id='word_1_88' title='bbox 1370 853 1393 881; x_wconf 90' lang='lat' dir='ltr'>a</span> <span class='ocrx_word' id='word_1_89' title='bbox 1428 840 1521 882; x_wconf 89' lang='lat' dir='ltr'>basi</span> <span class='ocrx_word' id='word_1_90' title='bbox 1548 842 1673 883; x_wconf 72' lang='lat' dir='ltr'>ovata</span> <span class='ocrx_word' id='word_1_91' title='bbox 1711 841 1967 884; x_wconf 81' lang='lat' dir='ltr'>acuminatis</span> 
     </span>
     <span class='ocr_line' id='line_1_11' title="bbox 278 899 1968 953; baseline -0.004 -6"><span class='ocrx_word' id='word_1_92' title='bbox 278 905 403 947; x_wconf 87' lang='lat' dir='ltr'>dorso</span> <span class='ocrx_word' id='word_1_93' title='bbox 425 901 675 943; x_wconf 79' lang='lat' dir='ltr'>tomentosis</span> <span class='ocrx_word' id='word_1_94' title='bbox 703 900 868 951; x_wconf 82' lang='lat' dir='ltr'>ciliatis,</span> <span class='ocrx_word' id='word_1_95' title='bbox 892 899 1046 942; x_wconf 85' lang='lat' dir='ltr'>foliolis</span> <span class='ocrx_word' id='word_1_96' title='bbox 1080 899 1291 953; x_wconf 81' lang='lat' dir='ltr'>6-8-jugis</span> <span class='ocrx_word' id='word_1_97' title='bbox 1329 899 1770 952; x_wconf 81' lang='lat' dir='ltr'>oblongo-linearibus</span> <span class='ocrx_word' id='word_1_98' title='bbox 1797 900 1968 953; x_wconf 90' lang='lat' dir='ltr'>compli-</span> 
     </span>
     <span class='ocr_line' id='line_1_12' title="bbox 279 957 1966 1013; baseline -0.002 -9"><span class='ocrx_word' id='word_1_99' title='bbox 279 963 381 1004; x_wconf 83' lang='lat' dir='ltr'>catis</span> <span class='ocrx_word' id='word_1_100' title='bbox 409 960 644 1013; x_wconf 85' lang='lat' dir='ltr'>spiuulosis</span> <span class='ocrx_word' id='word_1_101' title='bbox 665 959 853 1011; x_wconf 80' lang='lat' dir='ltr'>cr1spule</span> <span class='ocrx_word' id='word_1_102' title='bbox 881 958 1221 1007; x_wconf 80' lang='lat' dir='ltr'>canescentibus,</span> <span class='ocrx_word' id='word_1_103' title='bbox 1245 957 1427 1000; x_wconf 85' lang='lat' dir='ltr'>floribus</span> <span class='ocrx_word' id='word_1_104' title='bbox 1456 958 1508 999; x_wconf 86' lang='lat' dir='ltr'>ad</span> <span class='ocrx_word' id='word_1_105' title='bbox 1538 959 1659 1000; x_wconf 71' lang='lat' dir='ltr'>basin</span> <span class='ocrx_word' id='word_1_106' title='bbox 1684 970 1903 1000; x_wconf 86' lang='lat' dir='ltr'>ramorum</span> <span class='ocrx_word' id='word_1_107' title='bbox 1922 958 1966 1000; x_wconf 88' lang='lat' dir='ltr'>in</span> 
     </span>
     <span class='ocr_line' id='line_1_13' title="bbox 279 1017 1969 1074; baseline -0.002 -11"><span class='ocrx_word' id='word_1_108' title='bbox 279 1019 459 1074; x_wconf 85' lang='lat' dir='ltr'>capitula</span> <span class='ocrx_word' id='word_1_109' title='bbox 474 1017 647 1070; x_wconf 80' lang='lat' dir='ltr'>globosa</span> <span class='ocrx_word' id='word_1_110' title='bbox 661 1017 888 1069; x_wconf 77' lang='lat' dir='ltr'>congestis,</span> <span class='ocrx_word' id='word_1_111' title='bbox 907 1017 1062 1070; x_wconf 87' lang='lat' dir='ltr'>calycis</span> <span class='ocrx_word' id='word_1_112' title='bbox 1086 1017 1288 1059; x_wconf 85' lang='lat' dir='ltr'>dentibus</span> <span class='ocrx_word' id='word_1_113' title='bbox 1312 1017 1413 1058; x_wconf 88' lang='lat' dir='ltr'>villo</span> <span class='ocrx_word' id='word_1_114' title='bbox 1440 1017 1659 1059; x_wconf 79' lang='lat' dir='ltr'>occultatis</span> <span class='ocrx_word' id='word_1_115' title='bbox 1679 1017 1778 1059; x_wconf 88' lang='lat' dir='ltr'>tubo</span> <span class='ocrx_word' id='word_1_116' title='bbox 1803 1017 1969 1070; x_wconf 82' lang='lat' dir='ltr'>longio-</span> 
     </span>
     <span class='ocr_line' id='line_1_14' title="bbox 279 1075 1968 1129; baseline -0.002 -8"><span class='ocrx_word' id='word_1_117' title='bbox 279 1079 413 1129; x_wconf 80' lang='lat' dir='ltr'>ribus,</span> <span class='ocrx_word' id='word_1_118' title='bbox 449 1076 592 1117; x_wconf 83' lang='lat' dir='ltr'>vcxilli</span> <span class='ocrx_word' id='word_1_119' title='bbox 630 1075 784 1116; x_wconf 70' lang='lat' dir='ltr'>lamina</span> <span class='ocrx_word' id='word_1_120' title='bbox 827 1075 1058 1117; x_wconf 74' lang='lat' dir='ltr'>subretusa</span> <span class='ocrx_word' id='word_1_121' title='bbox 1097 1075 1410 1128; x_wconf 84' lang='lat' dir='ltr'>panduriformi</span> <span class='ocrx_word' id='word_1_122' title='bbox 1455 1075 1608 1117; x_wconf 85' lang='lat' dir='ltr'>obtuse</span> <span class='ocrx_word' id='word_1_123' title='bbox 1645 1075 1883 1118; x_wconf 74' lang='lat' dir='ltr'>auriculata</span> <span class='ocrx_word' id='word_1_124' title='bbox 1923 1075 1968 1117; x_wconf 91' lang='lat' dir='ltr'>in</span> 
     </span>
     <span class='ocr_line' id='line_1_15' title="bbox 281 1133 1447 1189; baseline -0.003 -10"><span class='ocrx_word' id='word_1_125' title='bbox 281 1148 465 1189; x_wconf 84' lang='lat' dir='ltr'>unguem</span> <span class='ocrx_word' id='word_1_126' title='bbox 493 1137 541 1175; x_wconf 73' lang='lat' dir='ltr'>ca</span> <span class='ocrx_word' id='word_1_127' title='bbox 563 1133 954 1187; x_wconf 83' lang='lat' dir='ltr'>sesquibreviorem</span> <span class='ocrx_word' id='word_1_128' title='bbox 979 1134 1140 1175; x_wconf 90' lang='lat' dir='ltr'>sensim</span> <span class='ocrx_word' id='word_1_129' title='bbox 1166 1136 1383 1176; x_wconf 73' lang='lat' dir='ltr'>attenuata</span> <span class='ocrx_word' id='word_1_130' title='bbox 1412 1141 1447 1182; x_wconf 73' lang='lat'>5.</span> 
     </span>
    </p>
   </div>
   <div class='ocr_carea' id='block_1_6' title="bbox 280 1206 1971 1301">
    <p class='ocr_par' dir='ltr' id='par_1_6' title="bbox 280 1206 1971 1301">
     <span class='ocr_line' id='line_1_16' title="bbox 324 1206 1971 1255; baseline -0.001 -11"><span class='ocrx_word' id='word_1_131' title='bbox 324 1209 423 1244; x_wconf 81' lang='lat' dir='ltr'>Hab.</span> <span class='ocrx_word' id='word_1_132' title='bbox 442 1218 561 1254; x_wconf 83' lang='lat' dir='ltr'>prope</span> <span class='ocrx_word' id='word_1_133' title='bbox 588 1207 680 1241; x_wconf 82' lang='lat' dir='ltr'>Lars</span> <span class='ocrx_word' id='word_1_134' title='bbox 708 1206 757 1242; x_wconf 83' lang='lat' dir='ltr'>ad</span> <span class='ocrx_word' id='word_1_135' title='bbox 775 1208 983 1241; x_wconf 83' lang='lat' dir='ltr'>torrentem</span> <span class='ocrx_word' id='word_1_136' title='bbox 1008 1207 1132 1242; x_wconf 88' lang='lat' dir='ltr'>Terek</span> <span class='ocrx_word' id='word_1_137' title='bbox 1159 1208 1198 1242; x_wconf 89' lang='lat' dir='ltr'>in</span> <span class='ocrx_word' id='word_1_138' title='bbox 1225 1208 1397 1242; x_wconf 81' lang='lat' dir='ltr'>Caucaso</span> <span class='ocrx_word' id='word_1_139' title='bbox 1430 1208 1725 1254; x_wconf 84' lang='lat' dir='ltr'>septentrionali</span> <span class='ocrx_word' id='word_1_140' title='bbox 1751 1208 1808 1253; x_wconf 89' lang='lat' dir='ltr'>(C.</span> <span class='ocrx_word' id='word_1_141' title='bbox 1825 1209 1869 1244; x_wconf 92' lang='lat' dir='ltr'>A.</span> <span class='ocrx_word' id='word_1_142' title='bbox 1893 1208 1971 1255; x_wconf 72' lang='lat' dir='ltr'>Mi,</span> 
     </span>
     <span class='ocr_line' id='line_1_17' title="bbox 280 1253 1166 1301; baseline -0.003 -10"><span class='ocrx_word' id='word_1_143' title='bbox 280 1257 357 1301; x_wconf 79' lang='lat' dir='ltr'>Ege</span> <span class='ocrx_word' id='word_1_144' title='bbox 374 1258 409 1301; x_wconf 84' lang='lat'>!),</span> <span class='ocrx_word' id='word_1_145' title='bbox 427 1257 465 1289; x_wconf 88' lang='lat' dir='ltr'>iu</span> <span class='ocrx_word' id='word_1_146' title='bbox 482 1254 682 1289; x_wconf 88' lang='lat' dir='ltr'>montibus</span> <span class='ocrx_word' id='word_1_147' title='bbox 700 1253 970 1288; x_wconf 69' lang='lat' dir='ltr'>Turcomaniae</span> <span class='ocrx_word' id='word_1_148' title='bbox 989 1253 1166 1298; x_wconf 81' lang='lat' dir='ltr'>(Karel.).</span> 
     </span>
    </p>
   </div>
   <div class='ocr_carea' id='block_1_7' title="bbox 279 1315 1972 1458">
    <p class='ocr_par' dir='ltr' id='par_1_7' title="bbox 279 1315 1972 1458">
     <span class='ocr_line' id='line_1_18' title="bbox 325 1315 1972 1365; baseline 0.002 -12"><span class='ocrx_word' id='word_1_149' title='bbox 325 1318 567 1359; x_wconf 78' lang='lat' dir='ltr'>Indumento,</span> <span class='ocrx_word' id='word_1_150' title='bbox 586 1316 741 1362; x_wconf 83' lang='lat' dir='ltr'>stipulis</span> <span class='ocrx_word' id='word_1_151' title='bbox 758 1315 871 1350; x_wconf 88' lang='lat' dir='ltr'>dorso</span> <span class='ocrx_word' id='word_1_152' title='bbox 887 1316 1116 1351; x_wconf 88' lang='lat' dir='ltr'>tomentosis</span> <span class='ocrx_word' id='word_1_153' title='bbox 1136 1327 1205 1352; x_wconf 89' lang='lat' dir='ltr'>nec</span> <span class='ocrx_word' id='word_1_154' title='bbox 1223 1316 1380 1361; x_wconf 80' lang='lat' dir='ltr'>glabris,</span> <span class='ocrx_word' id='word_1_155' title='bbox 1401 1317 1536 1353; x_wconf 87' lang='lat' dir='ltr'>vexilli</span> <span class='ocrx_word' id='word_1_156' title='bbox 1554 1318 1679 1354; x_wconf 70' lang='lat' dir='ltr'>forma</span> <span class='ocrx_word' id='word_1_157' title='bbox 1695 1319 1746 1354; x_wconf 85' lang='lat' dir='ltr'>ab</span> <span class='ocrx_word' id='word_1_158' title='bbox 1760 1319 1807 1354; x_wconf 73' lang='lat' dir='ltr'>A:</span> <span class='ocrx_word' id='word_1_159' title='bbox 1827 1318 1972 1365; x_wconf 76' lang='lat' dir='ltr'>echino,</span> 
     </span>
     <span class='ocr_line' id='line_1_19' title="bbox 279 1362 1972 1411; baseline 0.001 -11"><span class='ocrx_word' id='word_1_160' title='bbox 279 1364 458 1411; x_wconf 86' lang='lat' dir='ltr'>capitulis</span> <span class='ocrx_word' id='word_1_161' title='bbox 477 1363 663 1408; x_wconf 75' lang='lat' dir='ltr'>globosis,</span> <span class='ocrx_word' id='word_1_162' title='bbox 695 1362 840 1408; x_wconf 78' lang='lat' dir='ltr'>calycis</span> <span class='ocrx_word' id='word_1_163' title='bbox 868 1362 1048 1398; x_wconf 86' lang='lat' dir='ltr'>dentibus</span> <span class='ocrx_word' id='word_1_164' title='bbox 1069 1363 1261 1409; x_wconf 81' lang='lat' dir='ltr'>elongatis</span> <span class='ocrx_word' id='word_1_165' title='bbox 1282 1374 1488 1410; x_wconf 80' lang='lat' dir='ltr'>ungueque</span> <span class='ocrx_word' id='word_1_166' title='bbox 1508 1366 1737 1402; x_wconf 84' lang='lat' dir='ltr'>abbreviato</span> <span class='ocrx_word' id='word_1_167' title='bbox 1755 1367 1806 1402; x_wconf 83' lang='lat' dir='ltr'>ab</span> <span class='ocrx_word' id='word_1_168' title='bbox 1826 1366 1874 1402; x_wconf 92' lang='lat' dir='ltr'>A.</span> <span class='ocrx_word' id='word_1_169' title='bbox 1899 1367 1972 1402; x_wconf 77' lang='lat' dir='ltr'>mi-</span> 
     </span>
     <span class='ocr_line' id='line_1_20' title="bbox 279 1409 743 1458; baseline -0.009 -10"><span class='ocrx_word' id='word_1_170' title='bbox 279 1410 506 1458; x_wconf 54' lang='lat' dir='ltr'>cwocephalo</span> <span class='ocrx_word' id='word_1_171' title='bbox 526 1409 743 1444; x_wconf 77' lang='lat' dir='ltr'>distinctus.</span> 
     </span>
    </p>
   </div>
   <div class='ocr_carea' id='block_1_8' title="bbox 277 1548 1974 2012">
    <p class='ocr_par' dir='ltr' id='par_1_8' title="bbox 277 1548 1974 2012">
     <span class='ocr_line' id='line_1_21' title="bbox 339 1548 1972 1606; baseline 0 -12"><span class='ocrx_word' id='word_1_172' title='bbox 339 1554 432 1594; x_wconf 68' lang='lat'><strong>3026.</strong></span> <span class='ocrx_word' id='word_1_173' title='bbox 468 1552 528 1595; x_wconf 85' lang='lat' dir='ltr'>A.</span> <span class='ocrx_word' id='word_1_174' title='bbox 554 1548 961 1606; x_wconf 83' lang='lat' dir='ltr'>pycnocladus</span> <span class='ocrx_word' id='word_1_175' title='bbox 988 1551 1145 1606; x_wconf 83' lang='lat' dir='ltr'>(Boiss.</span> <span class='ocrx_word' id='word_1_176' title='bbox 1167 1554 1210 1592; x_wconf 88' lang='lat' dir='ltr'>et</span> <span class='ocrx_word' id='word_1_177' title='bbox 1230 1550 1439 1606; x_wconf 83' lang='lat' dir='ltr'>Haussk.)</span> <span class='ocrx_word' id='word_1_178' title='bbox 1457 1552 1739 1595; x_wconf 82' lang='lat' dir='ltr'>fruticulosus</span> <span class='ocrx_word' id='word_1_179' title='bbox 1760 1552 1908 1595; x_wconf 84' lang='lat' dir='ltr'>stricte</span> <span class='ocrx_word' id='word_1_180' title='bbox 1928 1555 1972 1594; x_wconf 93' lang='lat' dir='ltr'>et</span> 
     </span>
     <span class='ocr_line' id='line_1_22' title="bbox 280 1609 1971 1665; baseline 0 -12"><span class='ocrx_word' id='word_1_181' title='bbox 280 1611 470 1653; x_wconf 82' lang='lat' dir='ltr'>breviter</span> <span class='ocrx_word' id='word_1_182' title='bbox 494 1609 818 1652; x_wconf 79' lang='lat' dir='ltr'>ramosissimus</span> <span class='ocrx_word' id='word_1_183' title='bbox 840 1609 971 1651; x_wconf 87' lang='lat' dir='ltr'>ramis</span> <span class='ocrx_word' id='word_1_184' title='bbox 998 1610 1259 1652; x_wconf 86' lang='lat' dir='ltr'>tomentellis</span> <span class='ocrx_word' id='word_1_185' title='bbox 1283 1610 1558 1653; x_wconf 85' lang='lat' dir='ltr'>strictissime</span> <span class='ocrx_word' id='word_1_186' title='bbox 1584 1611 1774 1658; x_wconf 87' lang='lat' dir='ltr'>armatis,</span> <span class='ocrx_word' id='word_1_187' title='bbox 1798 1611 1971 1665; x_wconf 87' lang='lat' dir='ltr'>stipulis</span> 
     </span>
     <span class='ocr_line' id='line_1_23' title="bbox 280 1667 1972 1723; baseline -0.001 -10"><span class='ocrx_word' id='word_1_188' title='bbox 280 1670 415 1713; x_wconf 87' lang='lat' dir='ltr'>ovatis</span> <span class='ocrx_word' id='word_1_189' title='bbox 442 1669 633 1711; x_wconf 86' lang='lat' dir='ltr'>breviter</span> <span class='ocrx_word' id='word_1_190' title='bbox 657 1667 911 1710; x_wconf 82' lang='lat' dir='ltr'>acuminatis</span> <span class='ocrx_word' id='word_1_191' title='bbox 951 1668 1149 1710; x_wconf 86' lang='lat' dir='ltr'>nervosis</span> <span class='ocrx_word' id='word_1_192' title='bbox 1191 1668 1358 1711; x_wconf 86' lang='lat' dir='ltr'>inferne</span> <span class='ocrx_word' id='word_1_193' title='bbox 1391 1670 1653 1712; x_wconf 81' lang='lat' dir='ltr'>tomentellis</span> <span class='ocrx_word' id='word_1_194' title='bbox 1686 1669 1860 1712; x_wconf 88' lang='lat' dir='ltr'>tandem</span> <span class='ocrx_word' id='word_1_195' title='bbox 1884 1670 1972 1723; x_wconf 82' lang='lat' dir='ltr'>gla-</span> 
     </span>
     <span class='ocr_line' id='line_1_24' title="bbox 278 1727 1972 1781; baseline 0 -11"><span class='ocrx_word' id='word_1_196' title='bbox 278 1729 412 1770; x_wconf 80' lang='lat' dir='ltr'>bratis</span> <span class='ocrx_word' id='word_1_197' title='bbox 441 1728 608 1770; x_wconf 83' lang='lat' dir='ltr'>ciliatis.</span> <span class='ocrx_word' id='word_1_198' title='bbox 628 1727 780 1770; x_wconf 89' lang='lat' dir='ltr'>foliolis</span> <span class='ocrx_word' id='word_1_199' title='bbox 809 1727 1019 1780; x_wconf 80' lang='lat' dir='ltr'>5—7-jugis</span> <span class='ocrx_word' id='word_1_200' title='bbox 1052 1727 1315 1781; x_wconf 84' lang='lat' dir='ltr'>complicatis</span> <span class='ocrx_word' id='word_1_201' title='bbox 1337 1731 1516 1781; x_wconf 78' lang='lat' dir='ltr'>anguste</span> <span class='ocrx_word' id='word_1_202' title='bbox 1534 1728 1972 1781; x_wconf 85' lang='lat' dir='ltr'>oblongo-linearibus</span> 
     </span>
     <span class='ocr_line' id='line_1_25' title="bbox 280 1785 1974 1841; baseline -0.001 -11"><span class='ocrx_word' id='word_1_203' title='bbox 280 1789 400 1840; x_wconf 78' lang='lat' dir='ltr'>longe</span> <span class='ocrx_word' id='word_1_204' title='bbox 425 1787 663 1841; x_wconf 78' lang='lat' dir='ltr'>spinulosis</span> <span class='ocrx_word' id='word_1_205' title='bbox 693 1785 904 1828; x_wconf 85' lang='lat' dir='ltr'>viridibus</span> <span class='ocrx_word' id='word_1_206' title='bbox 929 1787 1085 1828; x_wconf 88' lang='lat' dir='ltr'>subtus</span> <span class='ocrx_word' id='word_1_207' title='bbox 1116 1798 1239 1840; x_wconf 78' lang='lat' dir='ltr'>parce</span> <span class='ocrx_word' id='word_1_208' title='bbox 1261 1787 1486 1841; x_wconf 86' lang='lat' dir='ltr'>puberulis</span> <span class='ocrx_word' id='word_1_209' title='bbox 1520 1789 1588 1829; x_wconf 90' lang='lat' dir='ltr'>vel</span> <span class='ocrx_word' id='word_1_210' title='bbox 1615 1787 1834 1841; x_wconf 83' lang='lat' dir='ltr'>glabratis,</span> <span class='ocrx_word' id='word_1_211' title='bbox 1859 1787 1974 1841; x_wconf 82' lang='lat' dir='ltr'>capi-</span> 
     </span>
     <span class='ocr_line' id='line_1_26' title="bbox 279 1844 1970 1899; baseline 0 -11"><span class='ocrx_word' id='word_1_212' title='bbox 279 1847 379 1889; x_wconf 87' lang='lat' dir='ltr'>tulis</span> <span class='ocrx_word' id='word_1_213' title='bbox 417 1846 571 1896; x_wconf 74' lang='lat' dir='ltr'>ovatis,</span> <span class='ocrx_word' id='word_1_214' title='bbox 608 1845 764 1899; x_wconf 83' lang='lat' dir='ltr'>calycis</span> <span class='ocrx_word' id='word_1_215' title='bbox 801 1844 1004 1887; x_wconf 81' lang='lat' dir='ltr'>dentibus</span> <span class='ocrx_word' id='word_1_216' title='bbox 1047 1845 1147 1887; x_wconf 88' lang='lat' dir='ltr'>villo</span> <span class='ocrx_word' id='word_1_217' title='bbox 1183 1846 1404 1888; x_wconf 81' lang='lat' dir='ltr'>occultatis</span> <span class='ocrx_word' id='word_1_218' title='bbox 1447 1846 1552 1888; x_wconf 89' lang='lat' dir='ltr'>tubo</span> <span class='ocrx_word' id='word_1_219' title='bbox 1595 1845 1970 1898; x_wconf 86' lang='lat' dir='ltr'>subbrevioribus,</span> 
     </span>
     <span class='ocr_line' id='line_1_27' title="bbox 281 1903 1972 1959; baseline 0 -13"><span class='ocrx_word' id='word_1_220' title='bbox 281 1905 420 1947; x_wconf 66' lang='lat' dir='ltr'>vexilli</span> <span class='ocrx_word' id='word_1_221' title='bbox 451 1906 604 1946; x_wconf 71' lang='lat' dir='ltr'>lamina</span> <span class='ocrx_word' id='word_1_222' title='bbox 624 1904 960 1958; x_wconf 79' lang='lat' dir='ltr'>pauduraeformi</span> <span class='ocrx_word' id='word_1_223' title='bbox 988 1906 1137 1946; x_wconf 70' lang='lat' dir='ltr'>retusa</span> <span class='ocrx_word' id='word_1_224' title='bbox 1161 1903 1252 1947; x_wconf 81' lang='lat' dir='ltr'>basi</span> <span class='ocrx_word' id='word_1_225' title='bbox 1269 1904 1426 1948; x_wconf 82' lang='lat' dir='ltr'>obtuse</span> <span class='ocrx_word' id='word_1_226' title='bbox 1455 1905 1755 1948; x_wconf 69' lang='lat' dir='ltr'>auriculalain</span> <span class='ocrx_word' id='word_1_227' title='bbox 1784 1917 1972 1959; x_wconf 80' lang='lat' dir='ltr'>unguem</span> 
     </span>
     <span class='ocr_line' id='line_1_28' title="bbox 277 1964 993 2012; baseline -0.003 -6"><span class='ocrx_word' id='word_1_228' title='bbox 277 1968 324 2006; x_wconf 73' lang='lat' dir='ltr'>ea</span> <span class='ocrx_word' id='word_1_229' title='bbox 347 1964 675 2006; x_wconf 82' lang='lat' dir='ltr'>subbrcviorem</span> <span class='ocrx_word' id='word_1_230' title='bbox 710 1965 931 2006; x_wconf 75' lang='lat' dir='ltr'>attenuata</span> <span class='ocrx_word' id='word_1_231' title='bbox 959 1970 993 2012; x_wconf 78' lang='lat'>5.</span> 
     </span>
    </p>
   </div>
   <div class='ocr_carea' id='block_1_9' title="bbox 277 2036 1972 2130">
    <p class='ocr_par' dir='ltr' id='par_1_9' title="bbox 277 2036 1972 2130">
     <span class='ocr_line' id='line_1_29' title="bbox 323 2036 1972 2119; baseline 0 -47"><span class='ocrx_word' id='word_1_232' title='bbox 323 2037 423 2072; x_wconf 79' lang='lat' dir='ltr'>Hab.</span> <span class='ocrx_word' id='word_1_233' title='bbox 443 2038 480 2072; x_wconf 89' lang='lat' dir='ltr'>in</span> <span class='ocrx_word' id='word_1_234' title='bbox 490 2037 685 2119; x_wconf 62' lang='lat' dir='ltr'>l;;.‘1lcm&#39;eis</span> <span class='ocrx_word' id='word_1_235' title='bbox 713 2036 978 2072; x_wconf 82' lang='lat' dir='ltr'>Kurdistaniae</span> <span class='ocrx_word' id='word_1_236' title='bbox 998 2037 1161 2072; x_wconf 82' lang='lat' dir='ltr'>Persicae</span> <span class='ocrx_word' id='word_1_237' title='bbox 1180 2047 1300 2084; x_wconf 85' lang='lat' dir='ltr'>supra</span> <span class='ocrx_word' id='word_1_238' title='bbox 1316 2037 1463 2073; x_wconf 83' lang='lat' dir='ltr'>Juanro</span> <span class='ocrx_word' id='word_1_239' title='bbox 1489 2036 1712 2083; x_wconf 78' lang='lat' dir='ltr'>(Hausskl).</span> <span class='ocrx_word' id='word_1_240' title='bbox 1731 2037 1893 2073; x_wconf 89' lang='lat' dir='ltr'>Gummi</span> <span class='ocrx_word' id='word_1_241' title='bbox 1910 2046 1972 2072; x_wconf 88' lang='lat' dir='ltr'>co-</span> 
     </span>
     <span class='ocr_line' id='line_1_30' title="bbox 277 2085 565 2130; baseline 0.003 -12"><span class='ocrx_word' id='word_1_242' title='bbox 277 2085 384 2130; x_wconf 78' lang='lat' dir='ltr'>piose</span> <span class='ocrx_word' id='word_1_243' title='bbox 408 2095 485 2130; x_wconf 63' lang='lat' dir='ltr'>prae</span> <span class='ocrx_word' id='word_1_244' title='bbox 517 2087 565 2119; x_wconf 80' lang='lat' dir='ltr'>et.</span> 
     </span>
    </p>
   </div>
   <div class='ocr_carea' id='block_1_10' title="bbox 277 2147 1978 2277">
    <p class='ocr_par' dir='ltr' id='par_1_10' title="bbox 277 2147 1978 2277">
     <span class='ocr_line' id='line_1_31' title="bbox 326 2147 1978 2195; baseline 0.001 -14"><span class='ocrx_word' id='word_1_245' title='bbox 326 2148 462 2182; x_wconf 50' lang='lat' dir='ltr'>..uinis</span> <span class='ocrx_word' id='word_1_246' title='bbox 481 2148 529 2182; x_wconf 77' lang='grc' dir='ltr'>Α.</span> <span class='ocrx_word' id='word_1_247' title='bbox 550 2147 835 2194; x_wconf 62' lang='lat' dir='ltr'>macrae-epham</span> <span class='ocrx_word' id='word_1_248' title='bbox 861 2150 899 2183; x_wconf 88' lang='lat' dir='ltr'>et</span> <span class='ocrx_word' id='word_1_249' title='bbox 917 2149 1095 2185; x_wconf 72' lang='lat' dir='ltr'>erinaceo</span> <span class='ocrx_word' id='word_1_250' title='bbox 1121 2148 1186 2184; x_wconf 83' lang='lat' dir='ltr'>sed</span> <span class='ocrx_word' id='word_1_251' title='bbox 1213 2148 1336 2195; x_wconf 82' lang='lat' dir='ltr'>spinae</span> <span class='ocrx_word' id='word_1_252' title='bbox 1362 2149 1497 2183; x_wconf 86' lang='lat' dir='ltr'>tenues</span> <span class='ocrx_word' id='word_1_253' title='bbox 1523 2148 1639 2184; x_wconf 86' lang='lat' dir='ltr'>valde</span> <span class='ocrx_word' id='word_1_254' title='bbox 1665 2149 1806 2183; x_wconf 79' lang='lat' dir='ltr'>strictae</span> <span class='ocrx_word' id='word_1_255' title='bbox 1827 2147 1978 2194; x_wconf 80' lang='lat' dir='ltr'>sesqui·</span> 
     </span>
     <span class='ocr_line' id='line_1_32' title="bbox 277 2194 1976 2276; baseline 0.001 -47"><span class='ocrx_word' id='word_1_256' title='bbox 277 2194 492 2276; x_wconf 46' lang='lat' dir='ltr'>PPllifffl&#39;ssssv</span> <span class='ocrx_word' id='word_1_257' title='bbox 523 2194 616 2229; x_wconf 81' lang='lat' dir='ltr'>folia</span> <span class='ocrx_word' id='word_1_258' title='bbox 644 2195 757 2230; x_wconf 86' lang='lat' dir='ltr'>valde</span> <span class='ocrx_word' id='word_1_259' title='bbox 771 2195 1002 2241; x_wconf 84' lang='lat' dir='ltr'>complicata</span> <span class='ocrx_word' id='word_1_260' title='bbox 1033 2196 1110 2231; x_wconf 87' lang='lat' dir='ltr'>fere</span> <span class='ocrx_word' id='word_1_261' title='bbox 1139 2195 1345 2231; x_wconf 80' lang='lat' dir='ltr'>acicularia</span> <span class='ocrx_word' id='word_1_262' title='bbox 1373 2194 1491 2240; x_wconf 53' lang='lat'>3-31112</span> <span class='ocrx_word' id='word_1_263' title='bbox 1512 2195 1637 2231; x_wconf 83' lang='lat' dir='ltr'>lineas</span> <span class='ocrx_word' id='word_1_264' title='bbox 1664 2197 1815 2231; x_wconf 82' lang='lat' dir='ltr'>tantum</span> <span class='ocrx_word' id='word_1_265' title='bbox 1843 2195 1976 2241; x_wconf 83' lang='lat' dir='ltr'>longa,</span> 
     </span>
     <span class='ocr_line' id='line_1_33' title="bbox 278 2252 630 2277; baseline 0.003 -3"><span class='ocrx_word' id='word_1_266' title='bbox 278 2252 367 2276; x_wconf 69' lang='lat' dir='ltr'>viri&lt;</span> <span class='ocrx_word' id='word_1_267' title='bbox 382 2253 416 2276; x_wconf 82' lang='lat' dir='ltr'>ia</span> <span class='ocrx_word' id='word_1_268' title='bbox 437 2252 505 2277; x_wconf 85' lang='lat' dir='ltr'>noc</span> <span class='ocrx_word' id='word_1_269' title='bbox 523 2252 630 2276; x_wconf 81' lang='lat' dir='ltr'>cana.</span> 
     </span>
    </p>
   </div>
   <div class='ocr_carea' id='block_1_11' title="bbox 277 2379 1974 2905">
    <p class='ocr_par' dir='ltr' id='par_1_11' title="bbox 277 2379 1974 2905">
     <span class='ocr_line' id='line_1_34' title="bbox 337 2379 1973 2437; baseline 0.002 -17"><span class='ocrx_word' id='word_1_270' title='bbox 337 2379 432 2420; x_wconf 73' lang='lat'><strong>3:27.</strong></span> <span class='ocrx_word' id='word_1_271' title='bbox 469 2379 529 2421; x_wconf 78' lang='lat' dir='ltr'>A.</span> <span class='ocrx_word' id='word_1_272' title='bbox 555 2379 1028 2435; x_wconf 83' lang='lat' dir='ltr'>microcephalus</span> <span class='ocrx_word' id='word_1_273' title='bbox 1055 2382 1221 2436; x_wconf 67' lang='lat' dir='ltr'>(Willd.</span> <span class='ocrx_word' id='word_1_274' title='bbox 1251 2381 1322 2436; x_wconf 84' lang='lat' dir='ltr'>Sp.</span> <span class='ocrx_word' id='word_1_275' title='bbox 1350 2380 1425 2433; x_wconf 83' lang='lat' dir='ltr'>Ill,</span> <span class='ocrx_word' id='word_1_276' title='bbox 1452 2395 1491 2437; x_wconf 91' lang='lat' dir='ltr'>p.</span> <span class='ocrx_word' id='word_1_277' title='bbox 1518 2381 1651 2436; x_wconf 67' lang='lat'>1332)</span> <span class='ocrx_word' id='word_1_278' title='bbox 1687 2383 1973 2425; x_wconf 84' lang='lat' dir='ltr'>fruticulosus</span> 
     </span>
     <span class='ocr_line' id='line_1_35' title="bbox 278 2437 1970 2495; baseline 0.005 -18"><span class='ocrx_word' id='word_1_279' title='bbox 278 2437 410 2478; x_wconf 80' lang='lat' dir='ltr'>dense</span> <span class='ocrx_word' id='word_1_280' title='bbox 449 2438 707 2480; x_wconf 78' lang='lat' dir='ltr'>dumulosus</span> <span class='ocrx_word' id='word_1_281' title='bbox 745 2442 1136 2483; x_wconf 81' lang='lat' dir='ltr'>tomentoso-canus</span> <span class='ocrx_word' id='word_1_282' title='bbox 1179 2442 1315 2495; x_wconf 83' lang='lat' dir='ltr'>spinis</span> <span class='ocrx_word' id='word_1_283' title='bbox 1354 2442 1512 2495; x_wconf 87' lang='lat' dir='ltr'>patulis</span> <span class='ocrx_word' id='word_1_284' title='bbox 1552 2441 1721 2483; x_wconf 80' lang='lat' dir='ltr'>flavidis</span> <span class='ocrx_word' id='word_1_285' title='bbox 1750 2442 1869 2484; x_wconf 86' lang='lat' dir='ltr'>borri</span> <span class='ocrx_word' id='word_1_286' title='bbox 1906 2454 1970 2485; x_wconf 82' lang='lat' dir='ltr'>us.</span> 
     </span>
     <span class='ocr_line' id='line_1_36' title="bbox 279 2496 1974 2554; baseline 0.004 -18"><span class='ocrx_word' id='word_1_287' title='bbox 279 2496 450 2549; x_wconf 75' lang='lat' dir='ltr'>stipulis</span> <span class='ocrx_word' id='word_1_288' title='bbox 472 2511 493 2538; x_wconf 77' lang='lat' dir='ltr'>a</span> <span class='ocrx_word' id='word_1_289' title='bbox 521 2497 610 2537; x_wconf 73' lang='lat' dir='ltr'>basi</span> <span class='ocrx_word' id='word_1_290' title='bbox 639 2500 763 2540; x_wconf 63' lang='lat' dir='ltr'>ovata.</span> <span class='ocrx_word' id='word_1_291' title='bbox 792 2499 915 2552; x_wconf 80' lang='lat' dir='ltr'>longe</span> <span class='ocrx_word' id='word_1_292' title='bbox 938 2499 1191 2542; x_wconf 81' lang='lat' dir='ltr'>acuminatis</span> <span class='ocrx_word' id='word_1_293' title='bbox 1219 2500 1371 2542; x_wconf 85' lang='lat' dir='ltr'>ciliatis</span> <span class='ocrx_word' id='word_1_294' title='bbox 1394 2500 1642 2554; x_wconf 86' lang='lat' dir='ltr'>junioribus</span> <span class='ocrx_word' id='word_1_295' title='bbox 1669 2501 1819 2542; x_wconf 85' lang='lat' dir='ltr'>saltem</span> <span class='ocrx_word' id='word_1_296' title='bbox 1843 2501 1974 2543; x_wconf 88' lang='lat' dir='ltr'>dorso</span> 
     </span>
     <span class='ocr_line' id='line_1_37' title="bbox 280 2555 1973 2613; baseline 0.004 -18"><span class='ocrx_word' id='word_1_297' title='bbox 280 2556 549 2606; x_wconf 74' lang='lat' dir='ltr'>tonicntcllis,</span> <span class='ocrx_word' id='word_1_298' title='bbox 593 2555 745 2598; x_wconf 84' lang='lat' dir='ltr'>foliolis</span> <span class='ocrx_word' id='word_1_299' title='bbox 791 2558 997 2611; x_wconf 78' lang='lat' dir='ltr'>5-8-jugis</span> <span class='ocrx_word' id='word_1_300' title='bbox 1039 2558 1490 2612; x_wconf 81' lang='lat' dir='ltr'>oblongo-lanceolatis</span> <span class='ocrx_word' id='word_1_301' title='bbox 1535 2560 1771 2613; x_wconf 76' lang='lat' dir='ltr'>spiuulosis</span> <span class='ocrx_word' id='word_1_302' title='bbox 1813 2560 1973 2613; x_wconf 62' lang='lat' dir='ltr'>saepius</span> 
     </span>
     <span class='ocr_line' id='line_1_38' title="bbox 278 2614 1974 2671; baseline 0.004 -17"><span class='ocrx_word' id='word_1_303' title='bbox 278 2614 552 2666; x_wconf 80' lang='lat' dir='ltr'>complicatis,</span> <span class='ocrx_word' id='word_1_304' title='bbox 583 2614 737 2656; x_wconf 84' lang='lat' dir='ltr'>florum</span> <span class='ocrx_word' id='word_1_305' title='bbox 762 2617 961 2668; x_wconf 78' lang='lat' dir='ltr'>capitulis</span> <span class='ocrx_word' id='word_1_306' title='bbox 989 2618 1135 2670; x_wconf 57' lang='lat' dir='ltr'>pavis</span> <span class='ocrx_word' id='word_1_307' title='bbox 1162 2618 1299 2660; x_wconf 85' lang='lat' dir='ltr'>ovatis</span> <span class='ocrx_word' id='word_1_308' title='bbox 1323 2619 1387 2660; x_wconf 87' lang='lat' dir='ltr'>vcl</span> <span class='ocrx_word' id='word_1_309' title='bbox 1411 2618 1621 2671; x_wconf 81' lang='lat' dir='ltr'>oblongis,</span> <span class='ocrx_word' id='word_1_310' title='bbox 1649 2619 1804 2671; x_wconf 80' lang='lat' dir='ltr'>calycis</span> <span class='ocrx_word' id='word_1_311' title='bbox 1833 2618 1974 2660; x_wconf 85' lang='lat' dir='ltr'>denti-</span> 
     </span>
     <span class='ocr_line' id='line_1_39' title="bbox 280 2671 1972 2731; baseline 0.004 -19"><span class='ocrx_word' id='word_1_312' title='bbox 280 2671 359 2713; x_wconf 83' lang='lat' dir='ltr'>bus</span> <span class='ocrx_word' id='word_1_313' title='bbox 388 2673 486 2713; x_wconf 83' lang='lat' dir='ltr'>villo</span> <span class='ocrx_word' id='word_1_314' title='bbox 520 2674 743 2715; x_wconf 81' lang='lat' dir='ltr'>occultatis</span> <span class='ocrx_word' id='word_1_315' title='bbox 772 2675 924 2716; x_wconf 84' lang='lat' dir='ltr'>tubum</span> <span class='ocrx_word' id='word_1_316' title='bbox 966 2677 1036 2717; x_wconf 81' lang='lat' dir='ltr'>vix</span> <span class='ocrx_word' id='word_1_317' title='bbox 1062 2677 1349 2730; x_wconf 77' lang='lat' dir='ltr'>aequaiitibus,</span> <span class='ocrx_word' id='word_1_318' title='bbox 1386 2677 1543 2719; x_wconf 71' lang='lat' dir='ltr'>vexilla</span> <span class='ocrx_word' id='word_1_319' title='bbox 1583 2677 1738 2720; x_wconf 74' lang='lat' dir='ltr'>lamina</span> <span class='ocrx_word' id='word_1_320' title='bbox 1769 2677 1972 2731; x_wconf 82' lang='lat' dir='ltr'>panduri-</span> 
     </span>
     <span class='ocr_line' id='line_1_40' title="bbox 279 2730 1972 2789; baseline 0.005 -19"><span class='ocrx_word' id='word_1_321' title='bbox 279 2730 400 2771; x_wconf 79' lang='lat' dir='ltr'>t&#39;ormi</span> <span class='ocrx_word' id='word_1_322' title='bbox 428 2735 794 2774; x_wconf 78' lang='lat' dir='ltr'>truncato-retusa</span> <span class='ocrx_word' id='word_1_323' title='bbox 821 2733 973 2776; x_wconf 85' lang='lat' dir='ltr'>obtuse</span> <span class='ocrx_word' id='word_1_324' title='bbox 999 2735 1238 2778; x_wconf 68' lang='lat' dir='ltr'>auriculata</span> <span class='ocrx_word' id='word_1_325' title='bbox 1262 2735 1304 2777; x_wconf 88' lang='lat' dir='ltr'>in</span> <span class='ocrx_word' id='word_1_326' title='bbox 1342 2748 1526 2789; x_wconf 82' lang='lat' dir='ltr'>unguem</span> <span class='ocrx_word' id='word_1_327' title='bbox 1555 2739 1604 2778; x_wconf 77' lang='lat' dir='ltr'>ca</span> <span class='ocrx_word' id='word_1_328' title='bbox 1631 2737 1702 2777; x_wconf 80' lang='lat' dir='ltr'>vix</span> <span class='ocrx_word' id='word_1_329' title='bbox 1726 2735 1972 2778; x_wconf 82' lang='lat' dir='ltr'>breviorem</span> 
     </span>
     <span class='ocr_line' id='line_1_41' title="bbox 277 2791 1973 2849; baseline 0.005 -21"><span class='ocrx_word' id='word_1_330' title='bbox 277 2792 494 2831; x_wconf 74' lang='lat' dir='ltr'>attenuata</span> <span class='ocrx_word' id='word_1_331' title='bbox 522 2797 554 2837; x_wconf 72' lang='lat'>5.</span> <span class='ocrx_word' id='word_1_332' title='bbox 582 2791 969 2845; x_wconf 36' lang='lat' dir='ltr'>Amycnoplefyllns</span> <span class='ocrx_word' id='word_1_333' title='bbox 995 2792 1109 2836; x_wconf 82' lang='lat' dir='ltr'>Stcv.</span> <span class='ocrx_word' id='word_1_334' title='bbox 1140 2795 1259 2836; x_wconf 76' lang='lat' dir='ltr'>Mem.</span> <span class='ocrx_word' id='word_1_335' title='bbox 1287 2795 1420 2848; x_wconf 58' lang='lat' dir='ltr'>Mos-q.</span> <span class='ocrx_word' id='word_1_336' title='bbox 1442 2795 1512 2842; x_wconf 80' lang='lat' dir='ltr'>lv,</span> <span class='ocrx_word' id='word_1_337' title='bbox 1539 2808 1577 2849; x_wconf 89' lang='lat' dir='ltr'>p.</span> <span class='ocrx_word' id='word_1_338' title='bbox 1601 2797 1741 2837; x_wconf 54' lang='grc'>51-</span> <span class='ocrx_word' id='word_1_339' title='bbox 1762 2795 1810 2837; x_wconf 78' lang='lat' dir='ltr'>A.</span> <span class='ocrx_word' id='word_1_340' title='bbox 1838 2795 1973 2836; x_wconf 76' lang='lat' dir='ltr'>denu-</span> 
     </span>
     <span class='ocr_line' id='line_1_42' title="bbox 279 2847 1972 2905; baseline 0.004 -18"><span class='ocrx_word' id='word_1_341' title='bbox 279 2847 405 2888; x_wconf 71' lang='lat' dir='ltr'>datus</span> <span class='ocrx_word' id='word_1_342' title='bbox 426 2848 539 2889; x_wconf 70' lang='lat' dir='ltr'>Stcv.</span> <span class='ocrx_word' id='word_1_343' title='bbox 561 2849 658 2890; x_wconf 80' lang='lat' dir='ltr'>Mss.</span> <span class='ocrx_word' id='word_1_344' title='bbox 680 2851 722 2891; x_wconf 86' lang='lat' dir='ltr'>in</span> <span class='ocrx_word' id='word_1_345' title='bbox 741 2850 875 2892; x_wconf 80' lang='lat' dir='ltr'>Fiscb.</span> <span class='ocrx_word' id='word_1_346' title='bbox 899 2851 1021 2904; x_wconf 80' lang='lat' dir='ltr'>Trag.</span> <span class='ocrx_word' id='word_1_347' title='bbox 1049 2866 1087 2905; x_wconf 84' lang='lat' dir='ltr'>p.</span> <span class='ocrx_word' id='word_1_348' title='bbox 1117 2854 1246 2895; x_wconf 83' lang='lat'>15.-</span> <span class='ocrx_word' id='word_1_349' title='bbox 1268 2854 1317 2895; x_wconf 89' lang='lat' dir='ltr'>A.</span> <span class='ocrx_word' id='word_1_350' title='bbox 1333 2853 1576 2896; x_wconf 74' lang='lat' dir='ltr'>erioccmlos</span> <span class='ocrx_word' id='word_1_351' title='bbox 1597 2867 1673 2896; x_wconf 69' lang='lat' dir='ltr'>uc.</span> <span class='ocrx_word' id='word_1_352' title='bbox 1692 2854 1814 2897; x_wconf 86' lang='lat' dir='ltr'>Astr.</span> <span class='ocrx_word' id='word_1_353' title='bbox 1834 2853 1972 2896; x_wconf 79' lang='lat' dir='ltr'>n084!</span> 
     </span>
    </p>
   </div>
   <div class='ocr_carea' id='block_1_12' title="bbox 281 2921 1972 3020">
    <p class='ocr_par' dir='ltr' id='par_1_12' title="bbox 281 2921 1972 3020">
     <span class='ocr_line' id='line_1_43' title="bbox 283 2921 1969 2975; baseline 0.005 -20"><span class='ocrx_word' id='word_1_354' title='bbox 283 2968 289 2974; x_wconf 92' lang='lat'><strong>.</strong></span> <span class='ocrx_word' id='word_1_355' title='bbox 324 2921 423 2956; x_wconf 79' lang='lat' dir='ltr'>Hah.</span> <span class='ocrx_word' id='word_1_356' title='bbox 444 2922 483 2975; x_wconf 73' lang='lat' dir='ltr'>in</span> <span class='ocrx_word' id='word_1_357' title='bbox 502 2923 699 2957; x_wconf 75' lang='lat' dir='ltr'>montibus</span> <span class='ocrx_word' id='word_1_358' title='bbox 719 2923 847 2968; x_wconf 63' lang='lat' dir='ltr'>Lycia:</span> <span class='ocrx_word' id='word_1_359' title='bbox 866 2925 915 2959; x_wconf 81' lang='lat' dir='ltr'>ad</span> <span class='ocrx_word' id='word_1_360' title='bbox 937 2926 1091 2961; x_wconf 74' lang='lat' dir='ltr'>Elmalu</span> <span class='ocrx_word' id='word_1_361' title='bbox 1110 2927 1270 2973; x_wconf 76' lang='lat' dir='ltr'>(Bourg.</span> <span class='ocrx_word' id='word_1_362' title='bbox 1288 2928 1351 2963; x_wconf 78' lang='lat'>671</span> <span class='ocrx_word' id='word_1_363' title='bbox 1371 2928 1442 2963; x_wconf 87' lang='lat' dir='ltr'>sub</span> <span class='ocrx_word' id='word_1_364' title='bbox 1463 2928 1507 2963; x_wconf 74' lang='lat' dir='ltr'>A.</span> <span class='ocrx_word' id='word_1_365' title='bbox 1527 2927 1687 2973; x_wconf 56' lang='lat' dir='ltr'>ccliz&#39;no‘),</span> <span class='ocrx_word' id='word_1_366' title='bbox 1709 2927 1969 2975; x_wconf 71' lang='lat' dir='ltr'>Cappadociae</span> 
     </span>
     <span class='ocr_line' id='line_1_44' title="bbox 281 2970 1972 3020; baseline 0.005 -19"><span class='ocrx_word' id='word_1_367' title='bbox 281 2978 319 3002; x_wconf 83' lang='lat' dir='ltr'>in</span> <span class='ocrx_word' id='word_1_368' title='bbox 341 2970 538 3003; x_wconf 75' lang='lat' dir='ltr'>iuonnbus</span> <span class='ocrx_word' id='word_1_369' title='bbox 557 2972 697 3015; x_wconf 49' lang='lat' dir='ltr'>Argao</span> <span class='ocrx_word' id='word_1_370' title='bbox 717 2974 752 3005; x_wconf 84' lang='lat' dir='ltr'>et</span> <span class='ocrx_word' id='word_1_371' title='bbox 771 2972 940 3017; x_wconf 69' lang='lat' dir='ltr'>Ahdagh</span> <span class='ocrx_word' id='word_1_372' title='bbox 960 2973 1097 3017; x_wconf 67' lang='lat' dir='ltr'>(Bam,</span> <span class='ocrx_word' id='word_1_373' title='bbox 1114 2974 1391 3020; x_wconf 67' lang='lat' dir='ltr'>Paphlagoniae</span> <span class='ocrx_word' id='word_1_374' title='bbox 1403 2973 1579 3020; x_wconf 65' lang='lat' dir='ltr'>(wicum,</span> <span class='ocrx_word' id='word_1_375' title='bbox 1592 2975 1787 3011; x_wconf 56' lang='lat' dir='ltr'>Armeniae</span> <span class='ocrx_word' id='word_1_376' title='bbox 1800 2975 1972 3011; x_wconf 72' lang='lat' dir='ltr'>&#39;l&#39;urcicae</span> 
     </span>
    </p>
   </div>
  </div>
 </body>
</html>
