2065 3236
222 184 293 221 240
926 197 1202 224 mammosa-3.
1262 188 1503 237 Astrayalus
1520 189 1620 235 (XV.
1637 188 1918 238 Platyglottis).

222 269 341 312 tibus
366 269 471 312 tubo
490 270 781 323 brevioribus,
807 270 1098 323 leguminibus
1127 271 1470 325 ovato-oblongis
1497 271 1845 326 depressissimis
1872 273 1917 316 in

224 340 475 371 mucronem
501 329 678 371 brevem
705 328 948 372 reduncum
979 330 1240 373 abeuntibus
1276 330 1405 373 dorso
1441 330 1717 384 planiusculo
1758 332 1842 376 late
1873 334 1918 374 et

225 398 375 440 parum
394 388 606 440 profunde
626 387 804 430 sulcatis
824 391 978 430 ventre
998 389 1070 430 vix
1086 388 1289 431 carinatis
1307 389 1432 431 valde
1450 389 1920 444 tuberculato-rugosis

225 446 413 499 sparsim
434 446 736 500 albo—hispidis
764 447 825 493 Θ.
843 446 969 488 -Α,
998 446 1304 502 Kotschyanus
1327 447 1469 490 Fisch.
1500 449 1545 490 in
1568 448 1649 502 Ky.
1677 448 1733 502 pl.
1761 449 1918 503 Alepp.

226 516 312 546 non
338 504 477 546 Boiss.

272 577 373 613 Hah.
392 579 431 613 in
446 578 565 613 aridis
584 581 620 614 et
636 579 741 624 agris
758 579 917 615 incultis
937 579 1062 626 Syriae
1079 579 1130 614 ad
1145 579 1307 627 Aleppo,
1325 579 1470 616 Aintab
1488 580 1578 626 (Ky.
1596 580 1685 616 2521
1708 580 1869 616 Haussk
1881 583 1920 627 l),

224 624 453 660 Antilibano
479 625 527 660 ad
551 626 756 672 Rascheya
782 625 954 671 (Boissl)
980 629 1018 662 et
1042 626 1283 662 Damascum
1312 626 1442 672 (Ky!)‚
1469 627 1663 662 Libanum
1687 627 1789 663 circa
1807 628 1917 663 Eden

225 671 291 717 (Bl
303 674 340 716 l),
358 672 596 707 palestinam
615 672 695 718 «ΚΥ
713 673 784 708 804
797 675 836 719 !),
861 676 1036 709 montem
1054 673 1235 709 Cassium
1259 674 1399 719 (Auch.
1417 672 1561 719 13321),
1590 674 1917 720 Mesopotamiam

225 718 456 811 gintaugglgss')
465 720 669 813 Ahjfffilgttm
689 720 740 755 ad
758 720 909 756 Mossul
925 720 1086 766 (Botta),
1104 720 1283 756 Ciliciam
1293 722 1333 756 in
1344 721 1518 757 arenosis
1536 721 1744 757 maritimis
1756 722 1808 757 ad
1817 721 1918 758 Mer-

272 832 412 867 Caules
431 842 535 878 saepe
561 832 732 879 pedaleS,
758 833 872 868 flores
888 831 912 868 8
937 832 1075 877 lineas,
1100 832 1285 879 legumen
1301 832 1348 868 10
1371 832 1440 868 lin.
1458 832 1623 878 longum
1646 831 1766 878 3¹s2-4
1790 833 1917 869 latum

225 889 409 914 mucrone
440 879 553 915 valde
591 880 774 924 redunco,
807 880 1165 926 depressissimum‚
1182 879 1428 926 marginibus
1461 890 1566 927 saepe
1596 879 1917 926 subangulatum,

225 927 446 961 transverse
468 929 505 961 et
522 925 681 973 oblique
702 927 1162 973 rugoso-tuberculatum.

280 1043 346 1083 55.
374 1042 437 1084 A.
476 1041 784 1096 ancyleus,
809 1043 953 1097 patule
990 1042 1324 1095 albo-hirsutus,
1352 1043 1548 1085 caulibus
1578 1042 1824 1097 prostratis,
1856 1043 1917 1085 fo-

220 1100 330 1143 liolis
365 1101 603 1155 8-10-jugis
629 1101 825 1144 obovatis
862 1102 1039 1153 retusis,
1078 1101 1252 1155 stipulis
1285 1101 1626 1155 triangularibus
1661 1101 1914 1156 cuspidatis,

219 1160 379 1201 racemi
405 1160 643 1202 laxiuscule
672 1160 898 1202 niultissori
940 1160 1184 1214 pedunculo
1223 1160 1323 1202 folio
1344 1160 1551 1214 longiore,
1577 1161 1733 1214 calycis
1769 1160 1915 1214 nigro-

220 1218 378 1260 hirsuti
413 1218 617 1260 dentibus
659 1219 762 1261 tubo
797 1219 1015 1273 subduplo
1063 1219 1351 1267 brevioribus,
1383 1219 1674 1273 leguminibus
1714 1219 1917 1273 oblongo-

222 1276 467 1319 lanceolatis
496 1277 617 1318 valde
644 1277 865 1331 depressis
899 1279 943 1320 in
970 1278 1191 1332 cuspidem
1234 1278 1528 1331 longissimam
1561 1278 1772 1321 aduncam
1809 1282 1916 1321 atte—

220 1336 362 1378 nuatis
390 1336 519 1378 dorso
553 1336 835 1389 planiusculis
863 1337 935 1379 vix
970 1337 1147 1379 sulcatis
1169 1340 1321 1379 ventre
1344 1337 1535 1379 obsolete
1562 1337 1766 1380 carinatis
1795 1350 1912 1379 mar-

219 1394 316 1447 gine
337 1394 625 1436 subcarinatis
652 1396 1115 1450 tuberculato-asperis
1142 1396 1286 1449 patule
1303 1395 1488 1449 hispidis
1510 1401 1574 1447 Θ.

267 1467 367 1513 Hah,
388 1468 429 1503 in
447 1468 695 1515 Cappadocia
712 1470 802 1513 (uc.
823 1469 919 1505 herb
932 1471 968 1515 1),
986 1471 1024 1506 in
1043 1470 1202 1517 planitie
1220 1469 1320 1505 circa
1342 1470 1563 1506 caesaream
1580 1470 1669 1514 (Bal
1683 1471 1708 1514 l)

267 1534 404 1569 Affinis
423 1533 471 1569 Α.
491 1533 728 1570 taber-culoso
751 1535 821 1570 sed
839 1538 942 1571 certe
960 1536 1167 1570 distinctus
1194 1535 1392 1580 legumine
1417 1535 1458 1570 in
1476 1537 1644 1571 rostrum
1661 1534 1811 1581 3-4-plo
1830 1534 1917 1571 lon-

221 1581 308 1627 gius
326 1582 696 1627 patenti-curvatum
723 1592 794 1618 nec
825 1582 1038 1618 reduncum
1068 1583 1217 1618 sensim
1243 1584 1445 1618 attenuato
1468 1593 1557 1618 cum
1584 1592 1630 1617 eo
1662 1582 1769 1618 18-21
1788 1582 1915 1618 lineas

221 1638 325 1675 saepe
344 1628 480 1673 longo;
510 1629 705 1674 margines
727 1630 941 1675 praesertim
961 1629 1075 1665 basin
1093 1640 1231 1665 versus
1253 1630 1427 1665 carinati.

281 1755 348 1795 56,
383 1753 443 1794 A.
461 1752 857 1807 bombycinus
895 1753 1055 1808 (Boiss.
1084 1753 1234 1807 Diagn.
1263 1751 1354 1795 Ser.
1380 1753 1411 1802 I,
1439 1753 1479 1804 2,
1506 1765 1545 1807 p.
1575 1752 1652 1807 50)
1684 1753 1829 1806 patule
1868 1756 1913 1796 et

220 1811 413 1854 flexuose
440 1812 742 1863 albo-lanatus,
766 1813 961 1855 caulibus
989 1812 1234 1866 prostratis,
1278 1812 1432 1854 foliolis
1473 1812 1679 1866 ss-S-jugis
1715 1812 1913 1855 obovatis

220 1870 381 1913 retusis
426 1882 540 1923 saepe
581 1870 910 1924 approximatis,
948 1872 1106 1913 racemi
1148 1871 1386 1913 laxiuscule
1429 1871 1625 1913 2-4-ssori
1664 1870 1910 1924 pedunculo

218 1930 367 1971 folium
387 1933 583 1983 aequante
613 1930 678 1970 vei
698 1929 912 1983 breviore,
940 1931 1096 1984 calycis
1125 1930 1254 1972 lanati
1281 1929 1485 1972 dentibus
1512 1930 1617 1972 tubo
1644 1930 1717 1971 vix
1740 1929 1914 1972 brevio-

216 1989 354 2039 ribus,
380 1988 668 2041 legumiuibus
696 1989 891 2042 oblongis
919 1989 1358 2043 depressisincurvis
1379 1989 1423 2031 in
1452 2000 1702 2031 mucronem
1729 1988 1908 2030 brevem

217 2051 382 2089 rectum
408 2047 475 2088 vel
492 2048 805 2089 subcurvatum
824 2048 1084 2090 abeuntibus
1105 2048 1233 2090 dorso
1258 2048 1342 2090 late
1368 2048 1546 2090 sulcatis
1573 2051 1726 2090 ventre
1749 2048 1913 2089 carina-

218 2107 274 2149 tis
307 2106 499 2159 margine
540 2106 780 2159 praesertim
818 2107 1237 2160 reticulato-rugosis
1264 2107 1555 2150 albo-hirtulis
1585 2111 1648 2157 O.
1691 2106 1737 2148 A.
1767 2105 1912 2148 Salta-

219 2165 368 2207 ncnse's
396 2165 494 2218 Bge.
522 2165 657 2216 Astu,
686 2178 724 2218 p.
754 2167 816 2206 19.

266 2239 364 2273 Hal).
385 2238 424 2273 in
439 2238 601 2274 desertis
626 2238 825 2273 Kahirinis
859 2238 997 2282 (Auch.
1016 2238 1129 2274 1343!
1149 2238 1261 2274 Boiss
1275 2240 1313 2283 Ι),
1342 2239 1381 2273 in
1414 2238 1566 2274 deserto
1592 2239 1748 2273 Arabiae
1766 2238 1914 2273 Petreae

217 2286 267 2322 ad
286 2286 488 2321 meridiem
503 2286 589 2332 jugi
606 2285 683 2320 Tib
702 2285 831 2329 (Boi-<s
845 2287 869 2329 ἱ)
898 2288 935 2321 et
953 2286 1102 2321 deserto
1121 2286 1169 2321 ad
1188 2285 1390 2321 meridiem
1408 2285 1615 2321 Palestinae
1631 2285 1721 2330 (Ky.
1738 2285 1852 2328 8921),
1871 2285 1911 2320 in

217 2334 383 2378 Assyria
398 2334 496 2368 inter
514 2332 665 2368 Mossul
683 2336 720 2368 et
737 2333 899 2378 Bagdad
920 2333 1027 2378 (Oliv
1041 2336 1077 2378 ἱ),
1111 2333 1151 2367 in
1177 2333 1311 2368 Persia
1336 2332 1467 2368 media
1494 2333 1594 2367 inter
1611 2332 1713 2367 Kum
1733 2335 1770 2368 et
1787 2332 1912 2367 Tehe-

218 2391 287 2415 ran
307 2380 451 2425 (Bgei).

265 2445 409 2480 Praeter
424 2444 696 2480 indumentum
716 2445 875 2480 densius
894 2445 1174 2490 bombycinum
1194 2444 1322 2480 differt
1348 2456 1371 2480 a
1398 2444 1706 2491 praecedentibus
1726 2443 1819 2479 flore
1838 2443 1910 2478 mi-

217 2492 301 2526 nori
319 2492 412 2527 albo
425 2492 448 2527 6
466 2492 591 2527 lineas
609 2492 745 2536 longm
775 2492 956 2537 legumen
985 2492 1072 2527 9-110
1098 2492 1222 2527 lineas
1253 2494 1404 2527 tantum
1423 2491 1585 2537 longum
1603 2492 1625 2526 4
1642 2491 1767 2526 latum
1785 2491 1912 2525 variat

217 2540 335 2574 etiam
354 2540 392 2573 in
412 2540 691 2585 speciminibus
713 2539 955 2585 rligyptiacis
973 2539 1081 2575 sulco
1100 2539 1188 2585 plus
1206 2540 1336 2574 minus
1358 2540 1502 2586 aperto,
1520 2538 1721 2584 superficie
1739 2549 1841 2573 nunc
1856 2541 1912 2573 te-

217 2588 343 2621 nuiter
358 2586 559 2621 reticulata
578 2597 681 2622 nunc
702 2587 1059 2633 ruguloso-aspera,
1075 2586 1123 2621 A.
1143 2585 1386 2623 Sullanensz's
1404 2586 1523 2631 igitur
1543 2596 1622 2620 non
1636 2586 1810 2631 specifice
1831 2585 1909 2620 dis-

217 2633 463 2678 tingui-ndns

776 2754 793 2772 *
819 2754 839 2771 *
866 2755 1063 2801 Legumen
1083 2754 1351 2790 lanceolatum.

278 2847 343 2888 57.
366 2839 428 2887 A.
450 2845 783 2899 Berytheus
804 2845 962 2900 (Boiss.
988 2848 1031 2886 et
1049 2844 1112 2886 Bl.
1132 2845 1281 2898 Diagn.
1302 2843 1394 2886 Ser.
1412 2843 1466 2895 II,
1483 2844 1522 2895 2,
1546 2856 1586 2897 p.
1605 2843 1680 2898 33)
1702 2843 1847 2897 patule
1867 2846 1910 2885 et

218 2905 408 2957 crispule
437 2905 713 2954 albo-birtus,
744 2904 939 2946 caulibus
972 2904 1202 2957 prostratiS
1238 2902 1470 2956 elongatis,
1512 2902 1665 2945 foliolis
1703 2902 1910 2955 7-8-jugiS

218 2964 365 3017 parvis
395 2963 807 3016 oblongo-cuneatis,
842 2963 1013 3016 stipulis
1053 2962 1394 3015 triangularibus
1429 2961 1703 3013 acuminatis,
1748 2959 1906 3002 racemi
