2015 3227
142 201 465 249 Clueroplzyllnm.
836 212 1139 240 UMBELLIFERAE.
1758 209 1833 245 907

186 300 289 336 Hah.
310 301 350 335 in
374 299 531 345 regione
551 299 761 346 subalpina
780 302 817 335 et
834 300 967 346 alpina
986 301 1150 337 Caucasi
1180 303 1378 339 orientalis
1410 304 1466 347 (C.
1486 304 1621 345 AMi).
1641 306 1679 340 in
1701 310 1830 341 monte

135 347 285 393 Chyrki
302 347 511 382 Salataviae
529 346 749 392 (Owerinl),
768 347 903 382 Iberiae
924 348 1078 393 (Stew),
1098 351 1292 385 Armeniae
1319 351 1488 386 Rossicze
1515 353 1578 395 (ex
1598 346 1639 386 il.
1663 352 1780 387 Koch.
1800 355 1824 395 ).

185 411 327 447 Pedale
350 411 413 446 vel
436 411 638 454 humilius,
659 410 840 446 foliorum
860 412 966 447 infer.
986 412 1131 448 limbus
1150 414 1401 460 hipollicaris,
1417 415 1515 449 radii
1533 415 1680 451 bri-ves.
1700 417 1824 461 petala

137 459 230 494 alba
249 460 400 494 variare
418 458 612 501 videntur,
631 458 778 493 fructus
796 458 860 493 2-3
879 458 1001 494 lineas
1021 462 1173 495 tantum
1194 461 1335 506 longus
1364 463 1400 496 et
1426 462 1657 497 involucella
1687 463 1829 508 longis-

139 506 237 541 sima
260 508 339 552 qua
356 506 449 541 nota
465 505 516 540 ab
534 504 720 540 omnibus
737 506 1019 549 congeneribus
1037 506 1164 542 distat.

201 656 267 697 16.
307 655 361 698 C.
385 653 758 697 millefolium
783 653 884 708 (uc.
918 655 1070 696 Prodr.
1099 655 1176 704 IV,
1204 669 1247 709 p.
1276 656 1380 709 226)
1412 669 1615 709 perenne.
1639 657 1829 710 hispidu-

136 715 227 757 lum
252 715 321 756 vel
343 713 635 767 glabrescens,
659 714 778 755 caule
804 725 930 766 parce
954 726 1144 766 ramoso,
1169 715 1278 756 soliis
1303 716 1464 757 ainhitu
1491 717 1829 769 ‹walo-triangu-

135 773 300 816 laribus
326 774 368 814 in
396 771 571 814 lacinias
598 775 780 823 anguste
807 772 992 813 lineares
1026 773 1238 815 confertas
1265 774 1557 825 longiusculas
1588 775 1828 828 tripiunati-

136 833 279 885 sectis,
306 831 586 885 superiorum
611 829 776 873 laciniis
805 831 1012 879 setaceis,
1038 831 1259 874 involucro
1287 833 1561 885 monophyllo
1603 834 1666 874 vel
1698 835 1827 887 nullo.

136 891 383 935 involucelli
416 890 576 944 phyllis
610 888 792 931 deflexis
816 902 837 931 e
862 889 952 931 basi
980 891 1212 933 lanceolata
1239 891 1543 933 ciliato-lauala
1582 893 1827 941 longissime

136 949 581 993 setaceo-acuminatis
609 949 843 991 umbellula
871 949 1150 1001 longioribus,
1178 949 1329 1002 petalis
1367 950 1504 992 roseis
1539 951 1698 1002 glahris
1727 953 1828 993 suh-

134 1009 418 1060 radiantibus,
444 1009 589 1050 fructu
619 1007 742 1049 brevi
776 1007 978 1060 oblongo,
1018 1008 1272 1061 stylopodiis
1306 1007 1498 1051 breviter
1532 1009 1689 1051 coluris
1729 1010 1827 1052 suh-

134 1068 386 1121 marginatis
410 1067 536 1120 stylis
560 1066 739 1109 deflexis
771 1067 834 1108 eis
861 1066 1212 1120 sublongiorihus
1244 1069 1460 1120 superatis
1494 1073 1552 1114 ΖΔ.
1587 1068 1626 1108 (J.
1657 1080 1826 1109 roseum

135 1140 225 1169 var.
250 1127 279 1180 β
306 1130 349 1169 et
374 1146 414 1184 y.
441 1125 545 1168 ΜΒ.
571 1125 699 1167 Taur.
730 1124 854 1167 Cauc.
883 1124 957 1177 III,
981 1138 1020 1179 p.
1050 1126 1147 1168 239.
1175 1150 1229 1156 -—
1261 1124 1304 1166 C.
1333 1125 1680 1179 hrof-leyearpnm
1714 1128 1824 1168 ΜΒ.

135 1187 181 1228 in
204 1186 357 1228 Hossrn.
387 1185 511 1227 Umb.
537 1184 569 1237 I,
592 1197 634 1238 p.
663 1185 760 1226 212.

184 1258 284 1294 Hah.
319 1259 359 1293 in
395 1258 615 1304 subalpinis
643 1257 862 1293 Caucasicis
890 1257 1137 1293 occidentalis
1157 1257 1213 1302 (C.
1233 1258 1362 1302 AM),
1393 1258 1591 1293 Awhasia*
1615 1258 1830 1301 (Nordmm,

138 1305 270 1342 Guriae
289 1305 420 1350 (Szow
435 1307 470 1351 i),
491 1306 530 1340 in
549 1304 671 1351 pratis
697 1305 840 1351 alpinis
867 1305 1011 1340 montis
1029 1305 1293 1340 Antschabala
1313 1306 1470 1342 ditionis
1492 1305 1633 1340 Tindal
1663 1307 1827 1341 Caucasi

139 1363 193 1389 or.
212 1352 437 1389 coeo-8000*
458 1353 629 1399 (Ruprl).

182 1417 307 1461 Facie,
336 1416 585 1453 involucellis
622 1415 739 1462 longe
763 1416 969 1462 subulatis,
1003 1417 1129 1452 fructu
1166 1417 1277 1452 brevi
1306 1417 1420 1452 valde
1455 1416 1568 1452 affine
1596 1416 1826 1462 pruvedenti

135 1465 247 1511 cujus
268 1464 523 1511 probabiliter
540 1464 728 1506 varietas;
748 1464 875 1499 differt
895 1464 1106 1510 segmentis
1125 1474 1204 1499 non
1221 1464 1461 1510 pinnatilidis
1481 1464 1682 1509 partitisve
1702 1463 1765 1497 soil
1786 1464 1826 1498 in

136 1511 301 1548 lacinias
320 1512 515 1548 tenuiores
532 1511 807 1558 longioresque
827 1512 952 1547 sectis.

196 1662 260 1703 17.
296 1661 349 1704 C.
376 1660 680 1704 hirsutum
706 1660 774 1714 (L.
800 1660 871 1714 Sp.
898 1659 1005 1714 371)
1029 1672 1243 1714 perenne,
1282 1660 1379 1713 plus
1412 1659 1555 1700 minus
1594 1659 1826 1711 hirsutum,

134 1721 254 1763 caule
282 1720 439 1773 aequali
456 1721 676 1771 fistuloso,
696 1720 807 1762 foliis
821 1719 986 1762 ambitu
1010 1719 1349 1772 triangularibus
1376 1718 1660 1760 suhterualiin
1688 1715 1830 1769 bipin-

132 1779 356 1822 natisectis
380 1780 615 1832 segmentis
634 1779 827 1832 oblongis
855 1778 1145 1832 hi-tripartitis
1170 1778 1493 1831 pinnatiiidisve
1526 1776 1826 1818 inciso-serra-

131 1839 202 1881 tis.
228 1838 497 1880 involucellis
531 1837 885 1881 lato-lanceolatis
915 1837 1170 1879 acuminatis
1203 1836 1424 1877 herbaceis
1454 1834 1824 1887 albo-marginatis

133 1897 299 1949 eiliatis,
324 1898 475 1950 petalis
512 1897 620 1939 albis
646 1897 826 1948 eiliatis,
859 1896 1003 1938 fructu
1030 1896 1208 1947 lineari,
1241 1895 1507 1948 carpophoro
1535 1894 1650 1946 apice
1681 1893 1824 1945 hilido,

130 1956 385 2010 stylopodiis
412 1968 499 1998 non
526 1956 776 2009 marginatis
811 1955 1190 2008 elongato-conicis
1219 1955 1263 1996 in
1296 1954 1432 2006 stylos
1472 1955 1610 1993 rectos
1645 1953 1705 1993 eis
1735 1952 1823 1993 lon-

130 2016 274 2068 giores
298 2015 557 2057 abeuntibus
592 2019 647 2060 26.
678 2015 732 2056 [c.
757 2015 874 2067 Jacq.
903 2014 1052 2056 Austr.
1081 2013 1162 2055 tab.
1192 2014 1285 2054 2148.
1319 2037 1371 2041 —
1396 2011 1526 2052 Rehh.
1566 2010 1707 2051 Germ.
1738 2011 1821 2051 tali.

134 2075 260 2116 2021.
280 2099 333 2104 -
360 2073 430 2116 Ch.
457 2073 680 2117 Ciczctaria
706 2074 804 2116 Vill.
834 2073 989 2126 Delph.
1013 2072 1064 2124 ll,
1092 2085 1130 2125 p.
1157 2073 1253 2113 644.

177 2147 276 2183 Hah.
291 2148 331 2182 in
345 2149 466 2194 pratis
485 2147 660 2183 humidis
678 2149 715 2183 et
733 2147 783 2182 ad
798 2146 947 2183 rivulos
965 2145 1135 2191 regionis
1150 2144 1381 2190 subalpinae,
1401 2143 1566 2178 Laconia
1586 2144 1649 2185 (ex
1668 2142 1822 2186 Siluii),

129 2205 242 2230 mons
264 2195 378 2240 Nidje
396 2194 634 2230 Macedoniae
654 2194 838 2230 australis
859 2192 1059 2238 [Gi-iseo),
1087 2202 1194 2238 prov.
1215 2191 1540 2226 Transczuicasiea
1569 2189 1739 2233 Tulywh
1761 2190 1825 2232 (ex

131 2241 171 2277 C.
190 2242 320 2287 AM).
339 2242 371 2277 Ε
389 2242 535 2277 ditione
552 2241 729 2277 nondum
747 2241 841 2276 vidi.

175 2304 238 2387 A&
265 2305 394 2350 Geoqr.
427 2304 585 2352 Europa
611 2305 738 2340 media
765 2307 803 2340 et
831 2303 1013 2340 australis
1042 2314 1065 2339 a
1094 2303 1225 2339 Gallia
1254 2305 1293 2337 et
1322 2300 1530 2336 Germania
1563 2299 1610 2334 ad
1642 2298 1822 2333 Ros-siam

133 2361 197 2387 me
242 2362 316 2387 am.

197 2499 262 2540 18.
298 2498 351 2541 G.
375 2497 602 2542 humile
635 2498 774 2553 (Stev.
802 2499 846 2542 in
870 2499 978 2540 ΜΒ.
1012 2499 1139 2541 Taur.
1167 2497 1288 2540 Cauc.
1311 2495 1384 2547 111,
1418 2509 1456 2549 p.
1488 2494 1822 2547 21()ζ)ς,;·1ειιη·ιιηι,

130 2557 291 2609 acaule,
319 2557 554 2600 rhizomate
575 2570 721 2600 crasso
754 2558 945 2601 verticali
982 2557 1144 2610 vaginis
1167 2555 1351 2598 dilatatis
1378 2554 1633 2607 peliolorum
1661 2552 1823 2593 radica—

127 2616 235 2659 lium
269 2617 440 2668 vestito,
464 2617 656 2659 caulibus
683 2617 908 2660 declinatis
936 2616 1110 2671 pumilis
1138 2614 1405 2667 simplieihus
1438 2613 1504 2653 vel
1531 2612 1617 2652 hasi
1657 2610 1822 2652 ramulo

131 2675 284 2727 auctis,
311 2675 423 2717 foliis
448 2675 708 2718 radicalibus
736 2676 860 2730 longe
886 2674 1100 2730 petiolatis
1123 2673 1284 2715 ambitu
1313 2672 1450 2713 oratis
1476 2669 1701 2711 3-5-sei·iis
1730 2681 1823 2719 seg:-

128 2734 287 2776 mentis
314 2734 576 2788 petiolulatis
603 2735 647 2777 in
678 2735 852 2777 lacinias
893 2735 1105 2777 confertas
1140 2733 1330 2774 breviter
1371 2731 1555 2771 lincares
1594 2728 1821 2780 hipiiuuui-

129 2793 272 2845 sectis,
298 2793 478 2835 caulinis
506 2793 638 2836 nullis
676 2794 743 2835 vel
779 2794 982 2836 solitariis
1010 2791 1256 2841 diminutis,
1286 2788 1484 2831 umhellis
1513 2788 1632 2834 long-w
1660 2786 1821 2838 petiun-

128 2851 280 2893 culatis
303 2851 437 2894 radiis
465 2852 538 2894 6-8
566 2852 850 2905 inaequalihus
874 2851 1041 2894 villosis
1058 2884 1068 2901 ‚
1095 2848 1307 2892 involucri
1335 2847 1478 2901 phyllo
1516 2846 1637 2887 uniri·
1662 2844 1819 2885 euthico

126 2909 376 2952 involucelli
400 2911 468 2952 5-ss
492 2910 832 2963 ovato-oblongis
869 2911 1005 2952 acutis
1045 2910 1126 2951 late
1164 2905 1531 2958 aihu-inarginatis
1565 2903 1714 2943 rilialis
1755 2914 1819 2943 re-

127 2968 253 3011 flexis
275 2969 510 3011 umbellula
528 2969 902 3022 subbrevioribus,
927 2968 1080 3023 petalis
1103 2967 1209 3009 alhis
1233 2978 1316 3007 non
1346 2962 1628 3006 radiantibus.
1654 2962 1817 3002 fructus
