2065 3236
206 171 278 207 -176
879 178 1159 204 LEGUMINOSAE.
1570 168 1915 216 Tetv-ayonolobus.

205 250 656 302 obovato-rhombeis,
691 250 949 304 pedunculis
995 249 1095 292 folia
1141 248 1501 305 subaequantibus
1533 250 1693 305 saepius
1730 249 1915 302 bifloris,

207 310 365 364 calycis
395 310 542 364 patule
574 309 730 363 hispidi
755 309 920 351 laciniis
941 307 1181 355 linearibus
1209 308 1329 362 apice
1352 308 1587 351 attenuatis
1614 304 1718 351 tubo
1744 309 1916 362 sesqui-

207 368 491 422 longioribus,
525 369 683 411 corolla
714 369 938 422 purpurea
969 369 1159 420 calycem
1193 367 1444 419 excedente,
1467 367 1685 421 legumine
1714 367 1916 410 tenuiore

209 426 360 482 aptero
391 432 456 478 Θ.
479 427 590 469 Tetr.
618 426 880 479 conjityatus
911 425 1004 469 Ser.
1025 426 1078 468 'in
1102 438 1182 468 D.c.
1210 425 1363 468 Prodr.

255 492 354 527 Hab.
384 492 425 526 in
454 491 652 537 argillosis
679 492 717 526 et
738 490 865 526 vineis
890 490 1071 536 Smyrnae
1089 489 1307 536 (Fleisch!)‚
1325 476 1473 526 Ciliciae
1491 491 1542 526 ad
1559 489 1776 527 Bouloukli
1792 500 1915 538 prope

206 539 378 576 Mersina
396 538 485 583 (Bal
499 540 536 582 l).
560 538 590 573 F
593 537 618 573 l.
638 539 731 585 Apr.

206 595 604 686 d‘FlorfSVinl'genlelte
625 592 765 629 minuti
783 603 852 629 sex
868 592 992 628 lineas
1009 592 1130 638 longi,
1156 591 1360 638 legumina
1382 593 1472 630 aliis
1488 593 1693 640 speciebus
1708 593 1918 639 graciliora

233 653 322 678 iam.
411 660 424 678 ι
462 651 513 676 m.
549 652 571 676 a
591 651 624 675 a.

250 698 314 733 Ar.
338 697 469 742 Geoqr.
498 695 688 742 Hispania
703 694 898 739 australis,
917 694 1164 730 Mauritania.
1183 694 1324 731 Planta
1339 706 1359 731 e
1371 695 1506 731 Sicilia
1517 696 1747 732 varietatem
1762 695 1919 732 notabi-

205 744 286 781 lem
306 743 575 790 leguminibus
592 746 758 788 anguste
777 742 892 777 alatis
908 742 1022 778 sistit.

266 879 308 920 5.
342 876 401 918 T.
429 873 870 924 Wiedemanni‚
888 885 1077 924 annuus,
1102 874 1248 928 patule
1271 877 1314 916 et
1335 874 1532 917 breviter
1547 874 1766 929 hirsutus,
1784 877 1913 920 cauli-

207 936 291 979 bus
318 933 680 977 decumbentibus
700 932 926 985 brevibus‚
955 933 1110 975 foliolis
1140 933 1330 976 minimis
1351 932 1775 977 obovato-rbombeis
1796 937 1916 979 retu-

208 995 271 1038 sis
295 993 582 1048 stipularibus
608 993 748 1035 ovatis
781 991 1071 1046 petiolulatis,
1098 991 1355 1045 pedunculis
1388 992 1661 1035 brevissimis
1700 994 1916 1048 unifloris,

208 1053 366 1108 calycis
393 1053 537 1106 patule
562 1052 721 1105 hispidi
753 1050 917 1094 laciniis
948 1051 1198 1094 lanceolatis
1227 1050 1397 1094 obtusis
1431 1051 1536 1099 tubo
1570 1051 1788 1107 subduplo
1819 1054 1916 1096 bre-

216 1112 415 1157 voribus,
454 1112 614 1154 corolla
654 1110 879 1165 purpurea
918 1109 1044 1152 valde
1086 1109 1270 1160 incurva
1303 1111 1493 1164 calycem
1519 1111 1770 1164 excedente,
1794 1112 1916 1166 legu-

204 1171 320 1215 mine
331 1199 464 1212 .....
501 1169 597 1222 O?-

251 1237 354 1273 Hab.
373 1236 414 1272 in
434 1236 567 1272 insula
582 1236 704 1272 Paros
725 1234 977 1282 Archipelagi
995 1234 1270 1280 (Wiedemann
1283 1236 1322 1280 Ι).

253 1293 397 1330 Caules
415 1292 678 1340 bipollicares,
696 1291 788 1327 folia
807 1292 1042 1327 brevissime
1067 1291 1255 1337 petiolata
1272 1291 1420 1327 foliolis
1445 1292 1469 1328 2
1495 1292 1619 1328 lineas
1639 1293 1779 1339 longis,
1799 1294 1917 1330 flores

207 1342 265 1378 eis
288 1341 331 1378 T·
352 1339 558 1387 conjayatz·
582 1340 751 1375 minores
774 1339 798 1374 5
821 1338 947 1374 lineas
974 1338 1104 1384 longi:
1127 1338 1178 1374 ab
1204 1338 1276 1374 hac
1300 1339 1428 1385 specie
1459 1339 1607 1375 foliolis
1637 1340 1814 1377 minimis
1833 1352 1913 1377 non

207 1388 453 1432 acuminatis,
471 1387 629 1444 stipulis
647 1385 899 1434 petiolulatis‚
912 1385 1060 1432 calycis
1076 1386 1262 1422 dentibus
1279 1385 1470 1423 brevibus
1489 1387 1707 1423 distinctus.
1775 1402 1777 1404 ·

766 1599 853 1642 TR.
885 1599 932 1641 V.
960 1597 1349 1642 CORONILLEAE.

267 1739 461 1784 Stamina
498 1734 723 1787 diadelpha
766 1732 997 1774 filamentis
1026 1730 1205 1772 alternis
1242 1731 1310 1772 vel
1333 1730 1536 1773 omnibus
1562 1730 1682 1785 apice
1706 1730 1914 1785 dilatatis,

207 1799 401 1845 anthei-is
431 1793 731 1839 uniformibus.
755 1791 849 1833 Alae
877 1802 965 1832 non
996 1790 1173 1844 plicatae.
1208 1789 1427 1843 Legumen
1466 1792 1583 1832 teres
1618 1791 1763 1834 rarius
1799 1803 1915 1833 com-

207 1869 410 1915 pressum
433 1856 478 1898 in
497 1853 705 1896 articulos
730 1861 1056 1903 monospermos
1083 1849 1254 1891 clausos
1271 1848 1590 1891 indehiscentes
1610 1851 1652 1891 et
1669 1849 1912 1904 saepissime

206 1918 455 1961 maturitate
488 1911 741 1956 secedentes
781 1909 969 1951 divisum
1007 1907 1176 1962 (confer
1199 1906 1521 1963 Secariyeram)
1552 1932 1611 1938 —
1644 1908 1802 1951 Herbae
1839 1910 1909 1952 vel

207 1976 457 2021 suffrutices
484 1972 595 2015 soliis
625 1969 814 2025 pinnatis
848 1967 993 2009 rarius
1034 1966 1304 2021 simplicibus
1336 1966 1491 2009 foliolis
1518 1968 1714 2021 integris,
1741 1967 1910 2021 pedun-

206 2037 316 2080 culis
353 2032 607 2076 axillaribus
630 2027 892 2072 umbellatim
917 2026 1158 2080 plurissoris
1184 2026 1328 2068 rarius
1361 2025 1576 2069 unissoris.
1614 2051 1667 2057 -
1699 2026 1859 2069 Tribus
1887 2041 1910 2069 a

206 2094 347 2146 Loteis
379 2091 593 2144 legumine
621 2087 848 2130 articulato
875 2087 1044 2128 tantum
1072 2085 1273 2127 distincta
1305 2089 1346 2127 et
1375 2088 1422 2127 ut
1454 2085 1503 2127 cl.
1528 2085 1622 2127 Bth.
1652 2089 1696 2128 et
1721 2085 1843 2128 Hook
1866 2086 1909 2128 in

206 2154 312 2197 Gen.
343 2152 405 2195 Pl.
432 2150 465 2201 I,
494 2150 576 2191 447
600 2149 689 2202 jam
715 2145 1030 2195 indicaverunt,
1053 2144 1106 2186 ab
1134 2143 1400 2197 Hcdysareis
1423 2145 1468 2186 in
1495 2145 1655 2199 quibus
1682 2144 1813 2186 flores
1840 2158 1913 2187 ra-

207 2212 381 2259 cemosi,
406 2210 624 2252 filamenta
648 2206 702 2247 ad
729 2205 892 2258 apicem
923 2215 1059 2257 usque
1088 2203 1303 2245 filiformia
1330 2206 1373 2245 et
1401 2204 1478 2245 alae
1505 2204 1693 2246 minimae
1719 2203 1909 2246 carinam

204 2272 352 2315 rarius
379 2269 602 2323 aequantes
628 2267 796 2307 naturae
822 2262 1103 2306 conformiter
1129 2265 1342 2316 separata.

565 2402 887 2455 SECURIGERA
923 2401 1040 2465 (BC.
1075 2401 1135 2449 ΡΙ.
1168 2401 1238 2449 Fr.
1268 2400 1335 2456 lv,
1365 2415 1403 2463 p.
1430 2400 1553 2460 609).

264 2527 397 2580 Calyx
436 2523 583 2566 brevis
628 2517 955 2572 campanulatus
1002 2515 1319 2574 subbilal)iatus
1356 2515 1560 2557 dentibus
1602 2516 1908 2570 superioribus

203 2588 332 2630 altius
351 2582 570 2627 connexis.
591 2578 745 2621 Carina
762 2573 1459 2627 acuminato-rostrata.Legumen
1475 2574 1721 2628 elongatum
1743 2576 1907 2619 lineare

201 2649 440 2690 rostratum
466 2642 914 2696 plano-compressum
934 2634 1295 2677 subindeliiscens
1314 2633 1506 2686 margine
1529 2636 1716 2687 utroque
1742 2635 1907 2677 inci-as-

202 2709 343 2749 satum
380 2705 495 2744 inter
532 2699 694 2742 semina
730 2695 901 2737 istltmis
935 2696 1144 2748 notatum,
1172 2692 1451 2734 inarticulos
1484 2706 1569 2735 non
1595 2693 1818 2736 secedens.
1848 2720 1905 2724 -

202 2764 347 2807 Herba
375 2772 518 2803 annua
545 2757 650 2803 facie
673 2753 847 2797 omnino
875 2751 1119 2795 Corowuloesst

269 2887 299 2927 l.
332 2883 384 2926 S.
409 2879 709 2925 Coronilla
734 2877 834 2932 (nc.
863 2875 941 2918 loc.
970 2874 1062 2929 cit.)
1093 2873 1254 2927 glabra,
1278 2874 1474 2917 caulibus
1504 2875 1714 2930 elongatis
1746 2878 1904 2920 erectis

203 2944 273 2988 vel
295 2942 483 2993 diffusis,
505 2939 616 2982 foliis
645 2936 854 2991 5-7-jugis
879 2935 1035 2978 follolis
1057 2933 1367 2988 approximatis
1389 2935 1582 2977 cuneatis
1604 2937 1815 2979 truncatis
1833 2937 1903 2979 vel
