2045 3227
104 253 351 301 Astrayalus
366 254 497 299 (LXV.
516 254 844 301 Onobrychium).
943 263 1223 292 LEGumNosAE.
1735 255 1804 292 441

110 339 249 373 ratum.
285 336 379 372 Haec
405 336 549 381 species
577 346 664 371 cum
694 336 870 382 sequenti
904 336 1061 372 caudice
1080 335 1237 380 lignoso
1266 335 1522 382 cantibusque
1548 335 1708 379 virgatis
1727 346 1807 373 sec-

102 385 253 466 tiongm
270 382 503 430 Xiphz'dz'um
518 383 635 421 refert
658 383 726 419 sed
750 383 801 419 ob
829 383 996 431 stipulas
1029 384 1216 420 conflatas
1246 382 1296 417 ab
1318 381 1560 429 Onobrzsclzz‘o
1579 392 1657 418 non
1676 384 1805 427 seiun-

109 441 183 479 gen
214 441 247 466 a.

163 579 259 620 601.
295 578 354 620 Α.
382 577 776 621 Mossulensis
804 577 925 632 (Bge.
951 577 1066 619 Astr.
1094 589 1132 629 p.
1164 577 1266 630 177)
1286 576 1621 630 adpressissime
1648 589 1797 619 canes-

100 649 206 680 cens
228 636 321 679 basi
344 636 541 689 lignosus
569 636 763 678 caulibus
791 636 1037 678 numerosis
1064 636 1221 678 erectis
1255 637 1322 677 vel
1353 636 1689 678 ascendentibus
1718 637 1805 677 vir-

101 697 211 749 gatis
240 695 417 746 striatis,
446 695 618 748 stipulis
645 695 982 736 membranaceis
1018 694 1227 736 brevibus
1263 694 1457 736 breviter
1481 695 1799 748 vaginanlibus,

101 755 214 797 foliis
243 754 498 796 brevissime
527 754 739 807 petiolatis
768 754 1046 797 inferioribus
1078 754 1099 794 7
1125 753 1557 806 oblongo-ellipticis,
1606 755 1805 808 superio-

101 813 226 856 ribus
249 814 273 854 5
300 817 343 855 et
369 813 550 855 summis
579 812 835 854 trifoliolatis
874 812 1297 854 lineari-lanceolatis
1325 812 1515 860 obtusis,
1545 814 1726 855 racemis
1750 825 1803 854 ex

99 872 243 914 axillis
262 871 565 925 superioribus
593 872 799 913 brevibus
826 872 931 913 laxis
960 871 1177 913 2-5-lloris
1208 870 1451 924 peduncnlo
1481 871 1578 912 solio
1607 873 1800 924 longiore

97 930 306 981 suffultis,
333 930 516 972 bracteis
544 931 690 983 parvis
721 930 977 980 pediccllum
1003 930 1290 983 aequantibus
1316 930 1471 982 calycis
1503 942 1628 982 parce
1656 935 1697 972 et
1729 931 1803 972 ad-

100 1001 254 1043 presse
277 990 374 1043 pilis
404 989 609 1031 brevibus
637 989 745 1031 albis
774 992 816 1031 et
834 989 967 1042 nigris
990 989 1116 1030 obsiti
1145 988 1680 1031 membranaceidentibus
1700 990 1801 1032 tubo

98 1048 268 1102 3-4-plo
311 1047 606 1098 brevioribus,
650 1048 808 1090 corolla
815 1081 969 1098 ......
1008 1047 1296 1100 leguminibus
1347 1047 1800 1100 patenti-subdesscxis

96 1107 243 1160 calyce
267 1106 397 1161 duplo
416 1107 680 1160 longioribus
699 1107 1100 1149 tereti-lanceolatis
1118 1107 1159 1148 in
1184 1118 1433 1149 mucronem
1455 1109 1617 1148 rectum
1635 1108 1799 1149 sensim

97 1165 355 1207 acuminatis
382 1166 592 1219 adpresse
621 1166 950 1208 canescentibus
985 1165 1113 1207 dorso
1150 1166 1414 1208 subsulcatis
1448 1168 1601 1207 ventre
1628 1167 1798 1209 obtusis

99 1230 138 1272 5.
168 1224 216 1266 A.
244 1224 390 1276 Olyim‘
413 1225 512 1278 Bge.
541 1225 659 1267 Astr.
688 1238 728 1278 p.
760 1226 852 1266 177.

145 1295 244 1332 Hah.
269 1297 310 1332 in
342 1297 476 1332 Persia
501 1308 621 1344 prope
653 1297 929 1333 Kermanchah
957 1297 1096 1340 (Auch.
1125 1297 1267 1342 13630,
1291 1297 1392 1332 inter
1409 1297 1560 1333 Mossnl
1579 1301 1616 1333 et
1634 1298 1799 1343 Bagdad

94 1343 218 1388 (Oliv.
239 1346 276 1379 et
294 1344 401 1389 Brug
420 1346 426 1379 !
449 1345 489 1379 in
510 1345 609 1380 Mus.
628 1345 743 1390 Par),
762 1345 801 1380 in
821 1344 1105 1391 Mesopotamia
1124 1344 1287 1390 (Olgin).

145 1407 283 1442 Caules
305 1407 462 1442 floriferi
480 1407 749 1453 semipedales,
766 1407 951 1442 fructiferi
970 1407 1141 1453 pedales,
1154 1407 1246 1442 folia
1264 1407 1468 1453 pollicem,
1487 1407 1625 1443 foliola
1641 1407 1706 1442 3-4
1724 1407 1794 1443 lin.

96 1453 234 1500 longa,
262 1454 446 1499 legumen
464 1465 552 1490 cum
574 1465 757 1491 mucrone
785 1455 966 1500 elongato
994 1466 1063 1489 sex
1089 1455 1214 1490 lineas
1243 1455 1417 1500 longum.
1449 1455 1591 1490 Differt
1609 1465 1631 1490 a
1651 1466 1793 1502 przece-

94 1501 212 1537 dente
231 1500 458 1537 foliolorum
485 1512 658 1547 numero⁷
676 1501 887 1547 leguminis
909 1512 1092 1537 mucrone
1114 1504 1227 1537 recto.

155 1657 251 1698 602.
285 1657 346 1700 A.
370 1657 737 1711 lasioqlottis
759 1656 895 1708 (Stev.
924 1656 1088 1699 inMB.
1118 1656 1178 1698 Fl.
1207 1655 1333 1698 Taur,
1364 1654 1594 1714 Cauclll,
1623 1667 1661 1709 p.
1687 1655 1794 1710 486)

94 1716 304 1770 adpresse
328 1716 760 1767 sericeo-canescens,
784 1714 980 1758 caulibus
1008 1715 1368 1767 ascendentibus,
1396 1715 1570 1768 stipulis
1598 1715 1793 1757 connatis

96 1775 290 1817 breviter
311 1775 798 1828 ovato-triangularihus
833 1774 1073 1826 herbaceis,
1111 1774 1266 1816 foliolis
1307 1774 1639 1828 approximatim
1669 1775 1793 1815 9-12-

85 1834 204 1888 jugis
228 1833 644 1887 oblongo-ellipticis,
682 1834 925 1887 pedunculo
960 1834 1070 1875 foliis
1095 1833 1310 1886 subtriplo
1338 1833 1552 1885 longiore,
1591 1833 1792 1886 capitulis

91 1893 281 1945 globosis
326 1893 589 1946 pancissoris.
637 1893 822 1934 bracteis
869 1892 1114 1934 lanceolatis
1156 1893 1313 1945 calycis
1360 1891 1514 1933 tubum
1564 1891 1789 1933 dimidium

88 1952 363 2004 aequantibus
391 1953 459 1993 vel
486 1952 820 2005 superantibus,
854 1951 1008 2004 calycis
1036 1951 1390 2005 adpressiuscule
1429 1950 1554 2004 pilosi
1584 1950 1789 1992 dentibus

91 2010 362 2064 nigro-hirtis
390 2011 616 2053 latiuscule
634 2010 872 2052 linearibus
896 2010 998 2052 tubo
1021 2010 1265 2064 quadruplo
1288 2009 1564 2052 brevioribus
1588 2010 1789 2051 omnibns

87 2069 144 2110 ad
168 2081 285 2111 orem
310 2069 558 2112 inferiorem
578 2069 671 2111 tubi
692 2069 948 2123 suboblique
971 2069 1160 2111 truncati
1187 2068 1298 2118 sitis,
1319 2068 1465 2110 vexilli
1489 2069 1631 2121 calyce
1658 2069 1789 2121 triplo

90 2127 169 2169 alis
197 2128 413 2182 subduplo
449 2129 654 2182 longioris
686 2129 842 2171 lamina
878 2128 1232 2181 oblongo-lineari
1267 2128 1385 2181 apice
1411 2127 1621 2169 latissima
1648 2127 1790 2170 biloba

92 2186 186 2228 basi
211 2187 253 2229 in
281 2199 468 2240 unguem
496 2190 725 2230 cuneatum
751 2188 922 2241 longum
950 2189 1194 2239 attenuata,
1222 2186 1515 2240 leguminibus
1549 2186 1791 2229 horizonta-

93 2244 206 2288 lihus
234 2246 367 2288 dense
394 2250 435 2287 et
463 2247 585 2299 longe
608 2246 937 2288 lanato-villosis
972 2245 1054 2288 sub
1082 2247 1181 2288 villo
1208 2245 1491 2288 tuberculalis
1526 2246 1663 2287 ova-tis
1689 2245 1791 2287 sub-

88 2305 352 2357 compressis
375 2304 568 2347 breviter
588 2309 630 2347 et
647 2306 907 2348 rectiuscule
931 2306 1195 2347 mucronatis
1218 2305 1347 2347 dorso
1371 2304 1634 2346 subsulcatIS
1658 2304 1790 2357 calyci

87 2364 341 2417 aeqnilongis
373 2367 428 2409 26.

136 2437 232 2473 Hah.
252 2439 292 2474 in
308 2439 484 2475 Caucaso
505 2439 801 2486 septentrionali
820 2439 868 2475 ad
887 2439 1015 2475 Kuma
1032 2439 1140 2484 (MR
1154 2441 1183 2484 ),
1203 2440 1252 2475 ad
1270 2440 1508 2475 Nartzanam
1529 2448 1640 2473 secus
1659 2438 1789 2473 rivum

89 2483 320 2521 Podkumok
339 2486 449 2531 (Stev
464 2487 502 2531 t).

137 2547 277 2584 Caules
302 2548 389 2584 8-10
408 2549 568 2595 pollices
587 2551 624 2584 et
648 2549 818 2595 amplius
849 2548 969 2595 longi,
988 2549 1120 2584 foliola
1143 2550 1293 2595 majora
1321 2549 1343 2584 4
1370 2549 1435 2584 liu.
1459 2549 1599 2594 longa,
1630 2547 1746 2592 calyx
1764 2548 1787 2583 4

89 2592 222 2639 lineas,
241 2596 431 2631 vexillum
450 2597 491 2631 11
512 2596 677 2641 longum
698 2596 806 2642 apice
824 2597 846 2631 2
865 2597 988 2632 lineas
1011 2597 1147 2633 latum.
1172 2596 1356 2642 legumen
1381 2597 1400 2631 4
1423 2596 1487 2631 lin.
1505 2596 1673 2641 longum
1699 2596 1721 2630 2
1741 2596 1782 2640 Ὗς

89 2639 222 2677 latum.
251 2642 403 2689 Species
423 2643 590 2688 insignis
607 2643 807 2689 legumine
825 2643 1060 2679 brevissimo
1083 2643 1227 2679 lanato.

147 2789 244 2830 603.
279 2789 338 2833 A.
362 2790 714 2846 xerophilus
746 2790 925 2845 (Ledeb.
951 2792 1010 2834 Fl.
1032 2792 1157 2835 Ross.
1187 2793 1216 2843 Ι,
1244 2805 1285 2847 p.
1315 2792 1418 2846 (507)
1441 2793 1540 2846 pilis
1562 2793 1786 2848 adpressis

87 2845 280 2898 incanus,
302 2849 496 2891 caulibus
524 2862 545 2891 e
571 2850 714 2892 radic-e
740 2850 906 2903 lignosa
932 2852 1123 2893 verticali
1143 2852 1388 2893 numerosis
1411 2852 1638 2905 cespitosis
1662 2864 1786 2905 pros-

88 2905 212 2949 tratis
238 2906 404 2949 inferne
432 2908 606 2961 petiolis
639 2913 682 2951 et
715 2910 887 2962 stipulis
914 2910 1140 2953 emarcidis
1178 2911 1404 2953 instructis
1432 2923 1623 2965 superne
1652 2911 1787 2952 dense

89 2962 263 3012 foliosis,
289 2966 462 3020 stipulis
485 2968 623 3009 ovatis
642 2968 835 3010 connatis
858 2969 1053 3011 breviter
1078 2972 1121 3011 ct
1147 2970 1229 3012 late
1245 2970 1603 3022 triangularibus,
1629 2970 1785 3011 foliolis

83 3022 321 3078 8-102-jugis
342 3025 748 3079 elliptico-ohovatis
778 3027 945 3070 obtusis
974 3029 1041 3070 vel
1064 3029 1241 3081 retusis,
1268 3029 1513 3082 peduncnlo
1535 3029 1633 3071 l'olio
1654 3029 1790 3082 aequi-
