1995 3302
145 245 332 293 Lupmus.
853 255 1130 295 LEGUMINOSAE.
1788 251 1838 288 29

144 327 259 369 riore
286 325 499 379 profunde
523 325 726 380 bipartito
752 309 956 369 inferiore
973 327 1155 381 longiori
1178 329 1261 370 sub
1283 329 1656 379 2-‘3-denticulato,
1675 334 1833 376 corolla

144 385 339 436 caerulea,
358 384 596 427 seminibus
614 384 752 427 ovatis
770 386 925 438 griseis
950 387 1128 429 maculis
1152 388 1261 430 albis
1281 388 1492 442 lineisque
1510 389 1828 443 irregularibus

143 443 272 486 fulvis
295 444 569 485 marmoratis
601 448 665 496 Θ,
692 443 747 485 Ic.
774 444 834 485 Fl.
860 442 994 486 Graec.
1024 446 1107 487 tab.
1137 447 1236 488 685.

189 516 289 551 Hab.
303 516 343 551 in
356 516 529 551 herbidis
549 516 662 551 cultis
679 519 716 552 et
734 515 901 552 collibus
913 518 1086 553 arenosis
1101 518 1261 554 Graeciae
1279 519 1329 554 ad
1347 520 1494 556 radices
1513 522 1658 557 montis
1677 522 1830 557 Malevo

141 564 179 599 et
192 563 234 598 in
250 562 398 598 Achaia
414 563 533 608 (Sartl
553 563 670 609 Orph.
691 563 744 598 Fl.
763 564 830 599 Gr.
861 574 939 599 exs.
971 564 1041 600 (320
1053 567 1089 610 l),
1120 565 1302 613 Byzantii
1329 567 1477 613 (Noel),
1507 568 1704 613 Bithyniae
1730 570 1830 611 (Gri-

140 609 259 654 sehl),
276 610 426 656 Pamph
457 610 520 645 11ae
555 610 741 656 <Heldr!),
773 610 891 657 Cypri
919 611 1009 657 (Ky.
1030 622 1108 647 exs.
1127 612 1254 659 7331),
1280 613 1405 659 Syriae
1431 615 1560 660 (Gaill.
1588 626 1664 651 exs.
1692 616 1830 661 18031),

139 656 350 693 Palestinae
367 657 416 692 ad
467 658 577 692 anias
595 657 764 703 (Boiss.).
784 657 840 692 Fl.
859 658 949 693 Mai.

185 720 245 756 Ar.
268 720 397 766 Geoqr.
421 720 576 767 Europa
593 721 722 756 omnis
745 720 1039 766 Mediterranea,
1053 722 1181 758 Africa
1200 722 1379 760 borealis.

201 898 237 939 7.
261 897 315 940 L.
340 890 693 940 reticuIatus
731 896 883 952 (Desv.
925 897 1037 939 Ann.
1067 897 1150 940 bot.
1180 898 1254 949 III,
1293 911 1333 952 p.
1373 900 1474 951 100)
1511 899 1719 953 adpresse
1751 914 1831 955 pu-

132 957 332 1010 bescens,
360 956 516 999 foliolis
551 959 733 1008 anguste
761 956 998 999 linearibus
1034 957 1342 1009 canaliculatis,
1371 970 1538 1000 racemo
1575 958 1829 1013 laxiusculo,

138 1016 318 1059 floribus
344 1015 538 1057 breviter
567 1015 834 1068 pcdicellatis
873 1015 1067 1068 alternis,
1106 1015 1292 1057 bracteis
1332 1017 1581 1060 lanceolatis
1620 1018 1829 1071 deciduis,

136 1075 288 1129 calycis
314 1074 564 1116 bracteolati
600 1074 713 1116 labio
748 1075 974 1127 superiore
1014 1075 1224 1128 profunde
1252 1075 1456 1128 bipartito
1494 1076 1700 1118 inferiore
1736 1079 1828 1121 lon-

134 1134 253 1187 giore
286 1133 552 1185 subintegro,
584 1133 742 1175 corolla
777 1133 934 1187 pallide
975 1133 1171 1184 caerulea,
1211 1135 1451 1177 seminibus
1490 1136 1827 1188 ovato-globosis

133 1193 285 1235 albidis
304 1192 683 1245 nigro-reticulatis
706 1193 886 1234 maculis
912 1192 1247 1235 saturatioribus
1272 1193 1684 1247 nigro-punctulatis
1712 1196 1826 1237 obsi-

132 1251 187 1293 tis
218 1256 281 1301 Θ.
307 1251 355 1293 L.
380 1250 603 1302 linifolius
629 1251 753 1293 Roth.
781 1251 890 1293 Abh.
922 1263 960 1304 p.
988 1251 1054 1292 14.

189 1327 232 1382 β.
261 1326 523 1369 Plzilistaeus.
568 1327 739 1369 Raeemi
779 1328 1005 1380 panciflori
1043 1328 1155 1370 foliis
1196 1329 1404 1382 superati,
1442 1329 1573 1372 flores
1616 1330 1820 1374 minores.

132 1386 180 1428 L.
208 1385 460 1428 Plzibistoezcs
485 1386 622 1428 Boiss.
651 1387 802 1449 Diagn.
830 1386 923 1428 Ser.
959 1387 990 1439 I,
1015 1388 1055 1438 9,
1082 1400 1122 1441 p.
1152 1388 1190 1428 9.

177 1459 277 1498 Hab.
296 1459 336 1494 in
353 1459 551 1495 Palestina
582 1460 961 1496 austro-occidentali
992 1460 1091 1495 inter
1121 1460 1227 1496 Gaza
1261 1463 1299 1496 et
1329 1461 1469 1496 Ramla
1494 1461 1674 1509 (Boissl),
1702 1475 1823 1511 prope

129 1506 304 1543 Askalon
323 1506 410 1552 (Ky.
429 1517 507 1542 exs.
531 1507 652 1554 5142).
674 1507 729 1542 Fl.
754 1508 844 1554 Apr.

175 1571 332 1608 Semina
349 1572 509 1608 omnino
530 1574 574 1608 ut
590 1573 628 1607 in
647 1571 693 1607 L.
711 1572 915 1608 reticulato
932 1573 1035 1619 picta
1052 1574 1162 1619 cujus
1186 1573 1342 1608 videtur
1359 1574 1483 1608 forma
1501 1575 1668 1610 macrior
1694 1577 1824 1622 pauci—

128 1619 232 1655 flora.
251 1619 395 1655 Praeter
415 1622 528 1655 notas
546 1620 734 1655 indicatas
762 1620 844 1655 haeo
874 1622 1020 1666 species
1051 1631 1073 1655 a
1101 1620 1147 1655 L.
1179 1621 1431 1667 anrmstifolio
1466 1621 1666 1666 legumine
1703 1634 1824 1668 angu-

128 1667 236 1702 stiori
265 1667 302 1702 et
329 1667 544 1702 seminibus
578 1667 794 1703 minoribus
820 1669 945 1713 magis
974 1668 1148 1713 globosis
1170 1667 1299 1703 differt
1329 1668 1396 1703 sed
1427 1671 1592 1714 utraque
1629 1671 1825 1706 seminum

128 1714 397 1759 magnitudine
415 1714 595 1750 absoluta
611 1717 648 1750 et
664 1715 791 1750 forma
808 1715 897 1761 plus
916 1715 1047 1750 minus
1065 1717 1287 1762 compressa
1305 1715 1456 1751 variare
1473 1716 1640 1752 videtur.

173 1776 235 1812 Ar.
262 1777 395 1823 Geoqr.
423 1777 552 1813 Gallia
570 1778 699 1813 media
717 1781 754 1814 et
776 1779 973 1824 australis,
994 1779 1196 1825 Hispania,
1221 1777 1362 1814 Sicilia.

186 1957 224 1998 8.
252 1956 306 1998 L.
329 1956 496 2000 a!bus
522 1957 588 2013 (L.
610 1955 677 2012 Sp.
705 1959 836 2015 1015)
854 1960 1062 2013 adpresse
1087 1960 1266 2013 pilosus,
1294 1960 1448 2002 follolis
1470 1960 1823 2003 obovato-oblon-

125 2015 189 2069 gis
216 2015 371 2058 subtus
394 2016 561 2059 villosis
580 2017 731 2061 ciliatis
750 2030 882 2072 supra
905 2019 1080 2072 glabris,
1099 2030 1267 2061 racemo
1293 2019 1523 2061 subsessili
1543 2019 1680 2071 brevi,
1702 2020 1821 2061 flori-

127 2074 209 2116 bus
246 2074 424 2116 alternis
458 2076 590 2129 albis,
627 2078 812 2120 bracteis
855 2078 1050 2130 oblongis
1080 2078 1293 2129 deciduis,
1336 2078 1491 2131 calycis
1544 2078 1821 2120 ehi-acteolati

126 2133 237 2175 labio
274 2134 501 2188 superiore
526 2135 693 2190 integro
730 2135 935 2179 inferiore
971 2137 1162 2179 obsolete
1194 2136 1512 2179 tridenticulato
1540 2137 1609 2178 vel
1636 2138 1820 2190 integro,

127 2192 364 2235 seminibus
389 2194 495 2236 albis
519 2195 818 2238 concoloribus
845 2200 892 2246 Θ
922 2196 975 2238 Ic.
1001 2196 1184 2238 Blaekw.
1213 2196 1333 2238 herb.
1364 2196 1448 2237 tab.
1476 2197 1572 2237 28⁶2.

172 2265 272 2301 Hah.
298 2267 338 2301 in
372 2267 492 2313 pratis
527 2267 704 2303 Thraciae
729 2269 934 2315 (Griseb.),
954 2270 1052 2305 circa
1079 2270 1316 2315 Byzantium
1336 2269 1444 2313 (Urv.
1473 2269 1554 2305 Noe
1568 2271 1603 2314 1).
1643 2270 1704 2304 An
1731 2279 1821 2305 vere

127 2315 390 2359 spontaneus?
415 2314 458 2349 In
476 2314 629 2350 Graecia
644 2316 784 2351 cultus.

172 2376 235 2412 Ar.
254 2377 385 2424 Geoqr.
406 2379 548 2414 Sicilia.
567 2380 628 2415 An
646 2381 685 2415 in
712 2381 870 2428 Europa
891 2382 1156 2428 spontaneus?

185 2554 224 2606 9,
250 2554 305 2597 L.
332 2555 560 2599 Termis
574 2555 749 2612 (Forsk.
779 2558 872 2611 AEg.
898 2557 1028 2600 Arab.
1054 2571 1094 2612 p.
1126 2559 1237 2614 131)
1260 2558 1820 2610 sericeo-villosus·,foliolis

125 2612 520 2667 obovato-oblongis
546 2616 702 2658 subtus
729 2617 894 2659 villosis
942 2617 1094 2660 ciliatis
1138 2630 1271 2672 supra
1302 2617 1479 2671 glabris,
1509 2630 1677 2660 racemo
1705 2619 1821 2660 elon-

124 2673 218 2724 gato
241 2672 351 2725 laxo,
373 2673 554 2717 floribus
571 2675 763 2727 alternis,
782 2676 933 2729 petalis
952 2677 1059 2719 albis
1081 2679 1199 2730 apice
1216 2677 1617 2730 coerulescentibus,
1636 2677 1821 2719 bracteis

126 2729 316 2784 oblongis
349 2732 556 2786 deciduis,
578 2734 732 2788 calycis
757 2735 1005 2778 bracteolati
1030 2736 1141 2778 labio
1163 2735 1392 2789 superiore
1420 2736 1588 2789 integro
1615 2736 1822 2778 inferiore

125 2788 316 2831 obsolete
342 2791 659 2835 tridenticulato
676 2794 744 2835 vel
764 2794 946 2847 integro,
971 2795 1211 2837 seminibus
1234 2795 1343 2837 albis
1371 2795 1672 2838 concoloribus
1699 2800 1744 2845 Θ
1775 2795 1820 2836 L.

122 2846 312 2899 molesti·
334 2849 459 2892 Desr.
485 2851 592 2894 Dict.
621 2852 720 2894 Enc.
746 2852 819 2905 111,
846 2867 885 2907 p.
907 2854 1006 2896 622.

173 2920 303 2970 Habit.
323 2923 362 2958 in
380 2925 487 2959 omni
507 2925 675 2973 AEgypto
695 2926 823 2962 cultus
841 2930 879 2962 et
896 2927 936 2962 in
955 2928 1127 2963 arenosis
1146 2929 1384 2974 spontaneus
1404 2927 1554 2972 (Forsk.
1577 2927 1666 2963 Sieb
1680 2928 1822 2963 11811011-

126 2976 206 3003 exs.
225 2969 337 3004 1000!
359 2970 469 3006 Boiss
483 2973 518 3017 !),
538 2973 577 3007 in
596 2973 708 3009 cultis
727 2976 765 3009 et
785 2976 960 3010 arenosis
986 2975 1109 3020 Syriae
1135 2974 1314 3010 littoralis
1334 2974 1412 3015 (Bl.
1439 2975 1592 3020 Gailll),
1610 2976 1648 3010 in
1671 2976 1822 3010 Grzrcizi

132 3016 168 3050 et
189 3014 283 3051 alibi
300 3017 425 3053 cultus
447 3029 482 3054 v.
502 3029 559 3064 gr.
578 3021 620 3055 in
645 3021 758 3056 Creta
776 3022 823 3056 ad
851 3022 1068 3068 Cydoniam
1096 3022 1301 3067 (Weissl).
1329 3021 1385 3057 Fl.
1407 3021 1495 3057 Mai.
