1924 3216
103 248 174 285 738
814 255 1101 281 LYTHRARIEAE.
1601 243 1807 291 Lythrum.

634 360 873 408 munuli
916 361 986 420 (ι.
1021 360 1122 408 Gen.
1150 359 1280 421 ⁶⁰⁴).

163 476 297 531 Calyx
322 477 555 519 tubulosus
583 474 849 529 cylindricus
888 474 1255 518 striato-costatus
1284 473 1631 516 8-12-dentatus.
1662 473 1810 517 Petala

100 538 175 579 4-ss
203 548 373 579 summo
395 536 498 578 tubo
524 534 682 587 calycis
712 534 890 576 inserta.
928 533 1120 576 Stamina
1146 534 1251 576 8-12
1282 533 1354 574 vel
1386 531 1591 586 pauciora
1622 532 1709 575 imo
1735 534 1806 576 vel

98 596 241 639 medio
268 595 425 648 calycis
452 594 556 636 tubo
584 594 761 635 inserta.
784 591 934 646 Stylus
964 592 1204 641 filiformis,
1238 591 1393 644 stigma
1425 591 1671 645 capitatum.
1699 590 1806 645 Cap-

98 655 194 697 sula
214 653 465 696 bilocularis
492 652 770 706 polysperma
797 651 1007 705 septicide
1034 650 1222 693 bivalvis
1248 650 1320 692 vel
1344 649 1649 703 irregulariter
1675 653 1806 705 rupta

96 714 309 767 placentis
337 712 498 754 crassis
525 711 837 765 dissepimento
860 710 1109 753 aduatisffl-
1128 709 1284 752 Herbae
1305 720 1523 762 perennes
1549 710 1620 751 vel
1633 721 1804 763 annuae,

97 772 213 815 foliis
241 771 454 826 oppositis
480 770 550 812 vel
575 771 770 821 alternis,
798 769 982 812 floribus
1018 768 1256 823 purpureis
1280 767 1534 811 axillaribus
1566 769 1633 810 vel
1667 768 1711 810 in
1739 780 1812 822 cy-

98 831 239 873 mulas
263 829 730 883 verticillato-spicatas
760 828 1002 882 dispositis.

305 1003 430 1046 Smer.
468 1002 498 1044 Ι.
534 1001 763 1044 SALmAmA
792 1012 874 1043 nc.
895 999 1114 1042 —Flores
1147 1000 1598 1055 verticillato-spicati.

159 1116 195 1156 1.
229 1113 285 1155 L.
301 1110 592 1156 Salicaria
614 1109 679 1165 (L.
703 1109 775 1164 Sp.
809 1110 914 1163 640)
942 1108 1187 1163 pubescens
1214 1110 1284 1152 vel
1303 1109 1662 1162 glabriusculum,
1685 1113 1808 1156 caule

93 1175 240 1216 erecto
265 1173 390 1222 elato,
417 1170 529 1213 foliis
556 1168 1004 1212 cordato-lanceolatis
1031 1169 1169 1211 acutis
1198 1169 1350 1211 saltem
1377 1168 1657 1213 inferioribus
1674 1183 1808 1225 oppo-

94 1232 192 1275 sitis
222 1232 288 1273 vel
314 1229 600 1282 verticillatis‚
631 1228 772 1282 thyrsi
804 1227 989 1281 cymulis
1015 1228 1228 1281 oppositis
1256 1227 1417 1281 saepius
1445 1227 1716 1282 densissoris,
1740 1241 1809 1273 ca-

93 1291 201 1345 lycis
234 1289 447 1331 12-nervii
470 1288 675 1343 dentibus
697 1289 722 1329 6
740 1286 926 1329 internis
950 1287 1294 1340 triangularibus
1324 1287 1350 1328 6
1378 1288 1572 1330 externis
1601 1288 1806 1342 longiori-

93 1350 178 1392 bus
197 1348 426 1399 subulatis,
443 1347 595 1402 petalis
611 1347 680 1389 elli
685 1346 1081 1400 ptico-spathulatis
1097 1347 1239 1400 calyce
1255 1345 1355 1400 plus
1370 1345 1501 1400 duplo
1516 1346 1800 1402 longioribus,

96 1408 361 1451 staminibus
392 1409 443 1448 12
475 1413 534 1455 26.
563 1405 618 1447 Ic.
643 1405 766 1459 Engl.
792 1405 877 1447 bot.
909 1405 1034 1446 1061.

143 1482 245 1517 Hab.
265 1481 314 1517 ad
340 1481 448 1517 rivos
476 1482 513 1515 et
539 1480 700 1515 dumeta
730 1478 905 1523 humida,
932 1477 1086 1514 Graecia
1112 1479 1150 1513 et
1174 1478 1405 1514 Macedonia
1434 1478 1606 1525 (Simu),
1624 1480 1810 1517 Anatolia

94 1529 267 1564 borealis
287 1528 500 1573 (ThirkelJ,
521 1527 709 1562 Armenia
725 1535 846 1572 prope
860 1525 1046 1561 Erzerum
1065 1524 1238 1571 (Calvi),
1255 1526 1402 1561 Tauria
1426 1528 1464 1562 et
1485 1536 1594 1573 prov.
1622 1527 1808 1564 Caucasi-

96 1575 462 1695 CaessgQSZ-{iacum
487 1639 649 1695 (Boiss.
692 1642 736 1680 et
770 1638 893 1681 Gaill.
920 1637 1070 1691 Diagn.
1098 1637 1194 1696 Ser.
1219 1637 1276 1688 II,
1304 1639 1346 1690 6,
1378 1651 1422 1692 p.
1455 1638 1545 1694 73).
1566 1639 1810 1682 ——Praeter

90 1701 311 1754 margines
354 1700 557 1742 foliorum
599 1701 644 1740 et
679 1698 955 1741 bractearum
995 1696 1476 1752 undulato-crisparum
1513 1698 1802 1742 scaberrimos

122 1760 308 1802 labrum.

90 1773 116 1814 g
137 1833 237 1868 Hah.
257 1833 299 1868 in
315 1832 421 1867 valle
439 1831 552 1867 fluvii
570 1830 748 1866 Barrada
765 1829 890 1876 Syriae
910 1840 1028 1877 prope
1047 1829 1288 1866 Damascum
1308 1830 1432 1875 (Gaill
1445 1832 1482 1876 1).

149 1919 187 1958 y.
223 1900 514 1940 lamentosa-m
540 1898 663 1952 (uc.)
683 1896 970 1950 —Adpresse
987 1898 1281 1939 tomentosum
1294 1898 1363 1939 vel
1382 1908 1631 1950 canescens,
1646 1899 1805 1953 calycis

90 1958 245 1999 dentes
268 1956 431 2009 saepius
449 1956 603 1999 minus
631 1956 880 2010 inaequales.
918 1978 973 1985 -—
1008 1954 1059 1996 L.
1087 1956 1374 1997 tornentosum
1402 1956 1503 1998 Mill.
1530 1956 1640 1999 Dict.
1666 1982 1719 1987 --—
1751 1957 1806 2000 L.

88 2016 310 2058 cinereum
336 2014 509 2057 Griseb.
533 2015 645 2069 Spic.
677 2015 708 2067 1,
731 2029 773 2069 p.
805 2016 896 2056 110.

140 2089 239 2124 Hah.
266 2089 305 2124 in
337 2088 591 2124 calidioribus
621 2089 741 2124 totius
771 2087 930 2123 ditionis
964 2098 986 2123 a
1014 2087 1172 2123 Grecia!
1200 2088 1239 2123 et
1267 2087 1514 2125 Macedonia!
1546 2089 1597 2124 ad
1614 2088 1802 2136 Syriaml,

86 2135 263 2172 Pei-siam
281 2136 482 2172 borealem
498 2137 535 2171 et
549 2136 764 2170 australem
779 2136 798 2180 l,
817 2134 1075 2180 Affghaniam
1101 2134 1266 2180 (Griffl).
1285 2136 1401 2182 Typo
1431 2137 1558 2172 multo
1585 2136 1801 2182 vulgatius.

94 2200 194 2279 HAlrl.
223 2200 357 2280 Ggoqr.
386 2199 546 2245 Europa
578 2199 718 2244 omnis,
746 2198 901 2243 Sihiria,
921 2198 1053 2234 Africa
1076 2198 1260 2244 borealis,
1280 2199 1460 2236 America
1477 2199 1660 2245 borealis,
1679 2200 1794 2236 Nova

135 2255 157 2279 o
194 2255 242 2279 an
274 2255 320 2280 la.

148 2398 185 2439 02.
220 2397 274 2439 L.
298 2397 610 2452 virgatam
638 2397 656 2452 (
664 2397 706 2438 L.
727 2396 798 2450 Sp.
824 2395 930 2450 642)
947 2396 1294 2449 glabriusculum
1311 2397 1494 2451 pallens,
1516 2397 1637 2440 caule
1653 2400 1798 2440 erecto

88 2456 255 2509 virgato
290 2468 483 2510 superne
515 2468 711 2508 ramoso,
738 2456 851 2498 foliis
878 2455 1129 2497 lanceolatis
1158 2455 1441 2499 inferioribus
1467 2455 1680 2511 oppositis
1705 2457 1801 2500 basi

87 2515 334 2558 rotundatis
386 2514 693 2569 superioribus
747 2514 1246 2557 lanceolam-linearibus
1290 2515 1498 2569 utrinque
1547 2516 1798 2570 attenuatis,

87 2575 229 2627 thyrsi
258 2575 441 2628 cymulis
466 2574 719 2628 paucissoris
746 2572 1027 2616 infermribus
1043 2573 1315 2616 verticillatis
1341 2573 1646 2627 superioribus
1657 2575 1801 2629 „alter-

89 2633 173 2683 nis‚
197 2633 354 2687 calycis
379 2633 599 2675 12—nervii
618 2633 823 2675 dentibus
842 2631 1108 2674 abbreviatis
1126 2632 1468 2687 subaequalibus,
1495 2633 1804 2688 petalisvellip-

86 2692 453 2746 tico-spathulatis
475 2693 617 2745 calyce
644 2691 776 2746 duplo
803 2690 1095 2743 longioribus,
1121 2692 1382 2734 staminibus
1412 2692 1480 2734 12.
1508 2717 1559 2721 —
1589 2691 1646 2734 Ic.
1674 2691 1800 2747 Jacq.

88 2751 238 2793 Austr.
268 2751 354 2793 tab.
385 2753 424 2792 7.
449 2751 572 2793 ——L.
595 2750 898 2793 acuminatum
925 2748 996 2791 W.
1023 2749 1146 2804 Spec.
1172 2749 1225 2802 II,
1254 2752 1354 2793 866.

135 2825 236 2860 Hab.
256 2826 297 2860 in
315 2825 490 2861 humidis
508 2825 727 2861 Thessaliae
745 2824 847 2859 inter
871 2823 1097 2859 Caterinam
1117 2826 1153 2860 et
1170 2823 1406 2860 Litochoron
1425 2824 1599 2872 (Orph!)‚
1618 2824 1799 2862 Macedo-

86 2872 162 2906 niae
182 2873 231 2907 ad
250 2872 411 2908 Vodena
439 2872 610 2919 (Orph!),
629 2872 807 2907 Thraciae
835 2871 884 2906 ad
908 2870 1084 2907 Kariova
1102 2871 1253 2917 (Friv.),
1279 2871 1363 2918 agri
1387 2871 1598 2918 Byzantini
1625 2872 1798 2919 (Simu),

85 2929 196 2963 prov.
219 2920 521 2955 Caucasicarum
542 2922 579 2955 et
596 2919 788 2954 Imeretiae
807 2917 934 2962 (MB,
953 2918 993 2953 C.
1014 2918 1143 2963 AM).

135 2983 194 3018 Ar.
215 2984 345 3028 Geoqr.
366 2983 560 3028 Belgium,
581 2981 793 3018 Germania
817 2981 1030 3026 orientalis,
1054 2981 1167 3016 Italia
1191 2982 1372 3028 borealis,
1405 2982 1512 3029 regio
1539 2982 1794 3030 Danubialis,

87 3028 226 3065 Bossia
244 3029 376 3065 media
392 3033 430 3066 et
448 3029 644 3075 australis,
662 3029 807 3064 Sibiria
825 3028 965 3064 omnis.
