2045 3227
124 225 348 263 Potentzila.
873 235 1071 262 ROSACEAE.
1742 230 1819 267 ’703

121 308 234 351 foliis
254 310 307 352 ad
330 320 549 351 ramorum
573 308 737 362 apicem
764 309 912 361 paucis
944 308 1089 360 parvis
1112 307 1304 350 breviter
1328 308 1544 362 petiolatis
1571 311 1810 364 subpinna-

121 366 198 408 tim
228 367 473 410 5-foliolatis
501 367 652 409 foliolis
679 367 854 409 sericeis
877 365 1271 419 oblongo-cuneatis
1302 369 1812 423 truncato-denticulatis,

121 424 303 469 floribus
340 427 410 467 NJ
450 426 598 479 parvis
639 424 831 467 breviter
876 424 1190 477 pedunculatis,
1238 425 1393 478 calycis
1444 428 1594 470 sericei
1645 428 1810 471 laciniis

115 484 410 527 exterioribus
462 483 636 526 dimidio
674 482 950 526 brevioribus
985 483 1150 526 obtusis
1185 484 1466 527 interioribus
1513 487 1808 540 acutiusculis,

118 543 273 595 petalis
313 543 507 585 obovatis
553 543 740 596 calycem
785 542 912 596 paulo
965 543 1274 595 superantibus
1336 549 1372 590 5.
1430 543 1807 587 Trichotltalamus

117 599 318 653 lignosas
342 601 488 643 Lehm.
515 600 622 643 Nov.
650 601 744 643 Act.
772 601 902 643 Acad.
930 599 1034 642 Caes.
1061 599 1114 652 X,
1140 601 1239 652 585,
1265 600 1349 643 tab.
1368 603 1436 644 49.
1464 628 1515 633 —-
1539 603 1812 645 Lelmnannia

114 656 291 712 liynosa
315 660 495 702 Trattin.

165 732 265 769 Hab.
284 734 324 769 in
343 733 492 769 fissuris
510 734 666 780 rupium
695 733 888 769 montium
914 733 1056 768 Persiae
1084 733 1253 769 borealis
1272 734 1311 768 in
1330 745 1438 781 prov.
1468 735 1614 771 Ghilan
1633 735 1809 781 (Pallas).

162 788 341 825 Truncus
359 789 496 825 cortice
522 789 561 824 in
589 788 770 824 lamellas
804 789 997 825 secedenti
1024 789 1190 824 vestitus
1208 789 1373 835 digitum
1396 794 1433 826 et
1449 791 1621 837 amplius
1639 802 1808 836 crassus,

114 846 303 872 saxorum
321 836 607 882 compressione
626 847 730 883 saepe
748 835 1037 882 complanatus,
1065 836 1165 871 rami
1200 837 1357 883 stipulis
1376 838 1671 883 persistentibus
1690 839 1811 874 rufes-

113 884 292 919 centibus
311 883 566 930 squamulosi.
598 883 709 918 Folia
726 884 791 927 (ex
805 883 917 918 amic.
931 883 963 917 J.
978 883 1022 917 D.
1039 882 1198 918 Hooker
1218 884 1284 929 qui
1305 885 1499 930 specimen
1517 885 1676 920 Pallasii
1697 886 1811 931 vidit)

115 929 155 964 in
178 930 287 966 icone
304 931 418 966 citata
440 931 596 965 erronee
621 930 791 976 palmata
808 932 847 965 et
871 929 1006 976 sepala
1033 929 1150 965 nimis
1181 933 1293 966 acuta
1318 931 1502 967 exhibita.
1530 932 1585 967 Cl.
1606 932 1812 967 Lehmann

113 986 236 1022 genus
260 977 600 1014 Trichotlzalamus
617 988 640 1012 a
658 974 869 1013 Potentz'lld
895 976 1075 1023 carpellis
1103 976 1188 1012 basi
1214 978 1274 1021 (ut
1303 978 1342 1013 in
1371 976 1576 1024 Anchasc‘i)
1605 980 1809 1025 perforatis

111 1023 224 1059 dictis
251 1024 467 1070 distinguit,
491 1034 579 1071 quae
598 1026 689 1060 nota
707 1024 821 1060 valde
856 1024 978 1059 dubia
1013 1025 1051 1059 et
1083 1034 1131 1059 ex
1164 1025 1337 1070 quodam
1364 1035 1490 1061 errore
1525 1027 1691 1062 oriunda
1725 1037 1808 1063 esse

113 1071 279 1107 videtur.

169 1136 213 1190 β.
247 1136 523 1191 wylorrhiza.
556 1160 610 1167 —
642 1135 804 1178 Foliola
847 1135 966 1189 apice
1016 1135 1247 1177 rotundata
1287 1135 1453 1190 integra
1499 1140 1569 1181 vel
1614 1138 1806 1183 obsolete

112 1196 484 1239 3-5-denticulata.
513 1218 571 1226 —-
604 1195 651 1238 P.
679 1194 943 1248 xylo‘rrlziza
972 1194 1113 1237 Boiss.
1142 1196 1184 1237 et
1213 1194 1320 1236 Hoh.
1353 1195 1504 1250 Diagu.
1531 1197 1623 1240 Ser.
1652 1198 1693 1251 Ι,
1737 1200 1802 1251 10,

110 1267 148 1308 p.
170 1257 209 1308 5,
236 1255 380 1311 Lehm.
405 1255 536 1298 Revis
571 1254 655 1297 tab.
682 1255 720 1306 2,
741 1254 810 1307 fig.
839 1255 873 1296 1.

130 1364 133 1367 .
155 1329 254 1365 Hab.
273 1330 314 1365 in
331 1329 575 1376 rupestribus
606 1328 749 1375 alpinis
773 1329 918 1364 montis
947 1327 1092 1364 Elbrus
1119 1328 1262 1365 Persiae
1293 1330 1475 1366 australis
1496 1331 1537 1366 in
1555 1332 1659 1367 valle
1678 1332 1806 1368 Loura

108 1376 200 1422 (Ky.
219 1387 297 1412 exs.
314 1377 430 1421 5371),
448 1377 497 1412 ad
520 1376 656 1412 Chana
672 1376 812 1411 Putkie
829 1375 989 1411 ditionis
1017 1375 1162 1412 Mukfis
1193 1376 1388 1412 Armeniae
1414 1377 1594 1414 Kurdicae
1613 1379 1679 1414 alt.
1697 1379 1804 1415 6000’

103 1422 198 1469 (Ky.
216 1434 296 1460 exs.
314 1423 448 1471 Suppl.
465 1424 535 1459 797
548 1425 584 1469 !).

720 1571 762 1613 4-
812 1570 854 1612 -ᾇ-
905 1568 1178 1614 Chrysanthae.

163 1653 200 1694 2.
235 1651 291 1694 P.
325 1651 615 1696 fruticosa
666 1652 734 1708 (L.
779 1652 851 1707 Sp.
893 1652 997 1707 709)
1042 1653 1260 1705 fruticosa,
1307 1655 1439 1697 ramis
1481 1655 1651 1704 erectis,
1683 1656 1795 1699 foliis

99 1711 305 1765 2-3-jugis
327 1711 532 1766 utrinque
558 1711 626 1754 vel
651 1713 821 1754 tantum
849 1712 1005 1755 subtus
1027 1711 1222 1766 hirsutis,
1247 1713 1400 1755 foliolis
1424 1713 1796 1767 oblongo-lanceo-

100 1770 197 1812 latis
228 1771 291 1812 vel
319 1770 558 1813 linearibus
586 1770 765 1824 integris
793 1772 1012 1825 supremis
1035 1771 1367 1824 confluentibus,
1390 1773 1576 1816 floribus
1595 1774 1798 1816 termina-

98 1827 213 1871 libus
236 1829 441 1871 solitariis
470 1830 537 1873 vel
564 1828 847 1883 corymbosis,
880 1830 1036 1884 calycis
1068 1830 1233 1874 laciniis
1268 1831 1521 1885 aequilongis
1557 1833 1798 1874 ovato-lan—

97 1888 274 1930 ceolatis
321 1892 406 1930 ext.
459 1888 802 1942 angustioribuS,
860 1890 1015 1942 petalis
1068 1889 1264 1932 obovatis
1319 1891 1462 1945 calyce
1516 1891 1799 1945 longioribus,

95 1946 297 2000 carpellis
324 1946 631 1989 hirsutissimis
661 1953 695 1996 5.
727 1946 909 1990 Swensk
934 1947 1027 1991 Bot.
1053 1948 1134 1990 tab.
1166 1949 1263 1990 253.

146 2019 244 2056 Hab.
263 2022 303 2056 in
322 2021 507 2057 Armenia
524 2022 688 2057 Turcica
706 2032 829 2068 prope
848 2021 1031 2057 Erzerum
1050 2025 1088 2058 et
1104 2023 1145 2058 in
1168 2024 1299 2058 monte
1325 2023 1539 2069 Techdagh
1557 2024 1697 2069 (Auch.
1717 2035 1797 2060 exs.

97 2066 210 2103 1464!
228 2068 353 2104 Tchih
364 2070 400 2113 l),
420 2069 604 2104 Armenia
622 2069 782 2105 Rossica
796 2070 833 2104 et
847 2069 996 2105 Iberica
1005 2069 1192 2115 (Laden),
1207 2069 1361 2106 Ossetia
1374 2073 1412 2105 et
1426 2070 1599 2107 Caucaso
1618 2071 1798 2107 orientali

92 2113 293 2198 {ggtatssoooe
296 2114 425 2152 ’-78ΟΟ’
462 2115 677 2163 (Ruprecht
687 2117 724 2162 1),
759 2117 890 2151 monte
924 2116 1181 2152 Waschantra
1215 2117 1487 2153 Turkestaniae
1525 2119 1704 2164 (Lehm.).
1740 2118 1798 2154 Fl.

145 2225 202 2261 Ar.
230 2226 361 2272 Geoqr.
396 2226 550 2272 Anglia,
584 2226 732 2272 Suecia,
769 2226 962 2272 Pyrenaei,
995 2226 1117 2273 Alpes
1156 2227 1412 2273 Niceaeenses‚
1437 2227 1578 2263 Rossia
1603 2228 1733 2264 media
1758 2231 1795 2264 et

92 2272 291 2318 australis,
313 2273 456 2309 Sibiria
473 2273 613 2319 omnis,
632 2275 739 2320 regio
757 2274 989 2320 Himalaica,
1008 2275 1189 2311 America
1206 2275 1384 2310 borealis.

407 2419 426 2437 ²
475 2419 587 2455 Folia
604 2420 787 2456 inferiora
805 2420 942 2456 saltem
961 2420 1136 2466 digitata.
1156 2420 1301 2456 Omnes
1319 2420 1547 2457 leucanthae.

623 2495 665 2537 -Ι-
716 2492 898 2540 Carpella
916 2492 1088 2540 undique
1107 2493 1260 2529 hirsuta

154 2573 192 2614 3.
225 2571 281 2614 P.
304 2571 734 2628 brachypetala
760 2574 918 2629 (Fisch.
947 2577 990 2616 et
1015 2574 1124 2628 Mey.
1148 2575 1192 2616 in
1216 2574 1362 2616 Lehm.
1384 2575 1496 2617 Add.
1521 2575 1612 2617 Ind.
1637 2575 1788 2617 Hamb.

99 2631 230 2684 1849,
263 2644 356 2685 pag.
391 2631 434 2688 9)
478 2632 651 2675 caudice
685 2633 999 2683 crassiusculo,
1039 2633 1236 2676 caulibus
1279 2633 1538 2688 petiolisque
1582 2634 1790 2688 patentim

92 2687 289 2742 hirsutis,
316 2691 427 2733 foliis
454 2691 643 2744 pinnatis
670 2705 805 2746 supra
825 2690 1199 2745 glabrescentibus
1227 2693 1384 2736 subtus
1406 2692 1615 2746 adpresse
1642 2705 1792 2735 canes-

91 2748 314 2802 centibus,
346 2749 502 2793 foliolis
548 2751 776 2794 sessilibus
814 2751 1009 2794 obovatis
1043 2751 1247 2804 parallele
1283 2753 1458 2794 venosis
1492 2752 1791 2794 obtusiuscule

94 2808 288 2858 serratis,
325 2810 499 2862 stipulis
534 2808 729 2863 integris,
763 2809 945 2852 floribus
973 2809 1277 2853 terminalibus
1302 2811 1595 2853 condensatim
1618 2823 1789 2864 corym-

91 2863 223 2918 bosis,
250 2867 406 2921 calycis
432 2869 661 2911 tomentosi
684 2869 851 2911 laciniis
875 2869 1123 2911 lanceolatis
1157 2869 1412 2912 acuminatis
1445 2869 1788 2923 subaequilongis

91 2925 283 2968 externis
308 2926 649 2980 angustioribus,
686 2928 840 2981 petalis
874 2927 1273 2981 obovato-oblongis
1308 2927 1470 2971 retusis
1509 2929 1650 2982 calyce
1687 2929 1789 2971 bre-

91 2981 300 3038 vioribUS,
323 2985 556 3029 filamentis
582 2985 677 3030 basi
703 2986 886 3030 hirsutis
915 2989 971 3032 26.
996 2987 1142 3030 Lehm.
1171 2988 1317 3030 Revis.
1346 2987 1436 3029 Pot.
1462 2987 1547 3030 tab.
1577 2989 1647 3030 47.
