2065 3236
207 199 278 234 192
912 207 1193 234 LEGUMINOSAE.
1740 199 1907 248 Galeya.

251 277 352 312 Hah.
371 277 410 312 in
430 276 632 322 sylvaticis
663 277 835 322 regionis
853 276 1073 323 subalpinae
1090 277 1210 312 totius
1226 276 1393 313 Caucasi
1410 280 1448 313 et
1465 288 1575 325 prov.
1601 277 1910 315 Transcaucasi‹

203 334 338 360 carum
352 324 511 368 (Ledeb.
530 324 672 359 Hohen
684 325 691 358 !
705 325 846 359 Szow!
863 323 1016 370 Rupr!)⁷
1035 325 1075 359 in
1092 323 1279 359 Armenia
1293 324 1457 361 Rossica
1473 324 1533 369 (C.
1550 324 1689 370 Koch).

250 387 470 433 Legumina
483 385 665 433 pollicem
680 386 745 422 vel
765 385 1083 433 sesquipollicem
1101 386 1233 432 longa.

609 557 896 605 Tssrflstosu
924 558 1055 620 (Pers.
1081 558 1179 620 syn.
1208 558 1262 613 u,
1298 573 1340 620 p.
1371 558 1498 619 328).

267 690 399 743 Calyx
422 691 750 744 campanulatus
771 688 1081 742 subaequaliter
1108 689 1372 732 5-dentatus.
1402 690 1618 732 Vexillum
1644 691 1838 744 amplum
1865 692 1910 735 in

206 750 372 793 nostris
399 749 627 799 sericeum,
672 748 815 790 carina
840 748 1007 792 obtusa.
1035 747 1228 790 Stamina
1253 748 1443 802 primum
1469 749 1522 791 ad
1548 749 1736 792 medium
1763 762 1910 793 mona·

208 809 365 862 delpba
394 808 613 850 filamento
636 807 833 850 vexillari
857 807 1029 849 tandem
1056 807 1276 861 usquead
1302 806 1427 850 basin
1454 807 1607 850 libero.
1634 807 1843 851 O'varium
1865 810 1910 851 2-

207 867 565 922 pluriovulatum,
587 866 742 919 stigma
768 865 996 908 terminale
1020 864 1219 919 glabrum
1247 866 1315 908 vel
1346 865 1589 908 barbatum.
1618 866 1840 921 Legumen
1861 868 1912 910 li-

207 937 339 969 neare
390 925 532 967 rarius
573 928 748 967 ovatum
788 935 1086 977 compressum
1113 923 1283 967 bivalve
1317 925 1453 967 valvis
1492 925 1644 979 planis,
1669 925 1911 970 seminibus

208 984 485 1038 compressis.
515 1008 568 1013 —
601 983 760 1025 Herbae
808 984 878 1025 vel
921 982 1172 1026 suffrutices
1211 984 1322 1026 foliis
1360 983 1708 1037 imparipinnatis
1749 987 1911 1039 saepius

206 1044 417 1098 adpresse
439 1043 637 1089 sericeis,
664 1042 824 1084 florum
847 1042 1032 1084 racemis
1053 1042 1306 1085 axillaribus
1333 1043 1402 1085 vel
1427 1043 1728 1097 oppositil'oliis
1756 1050 1800 1086 et
1823 1048 1911 1087 ter-

207 1102 457 1145 minalibus.

208 1275 328 1319 SEcT.
363 1274 394 1317 Ι.
429 1275 643 1318 REJNERIA
677 1275 853 1317 Maench.
892 1275 1042 1329 Suppl.
1080 1288 1119 1329 p.
1145 1273 1214 1317 44.
1250 1300 1304 1305 —
1342 1274 1519 1317 Racemi
1553 1275 1806 1319 terminales
1846 1278 1915 1320 vel

507 1333 811 1387 oppositifolii.
845 1333 1064 1386 Lcyamen
1081 1333 1246 1377 lineare
1262 1334 1607 1387 polyspermam.

271 1459 307 1499 1.
341 1457 396 1499 T.
424 1456 738 1511 Apollinea
761 1455 875 1510 (Del.
898 1455 960 1497 Fl.
985 1456 1056 1510 Eg.
1075 1468 1115 1509 p.
1140 1456 1239 1506 144,
1262 1454 1347 1497 tab.
1375 1456 1444 1507 53,
1466 1455 1535 1509 fig.
1559 1456 1599 1497 5.
1622 1456 1705 1498 sub
1731 1455 1912 1514 Galeyd)

207 1517 419 1571 adpresse
437 1526 685 1560 canescens.
703 1514 797 1557 basi
812 1514 1128 1557 susfrutescens
1149 1514 1283 1556 ramis
1300 1512 1534 1567 gracilibus
1551 1515 1709 1558 ereclis
1725 1517 1911 1560 ramosis

208 1575 432 1625 flexuosis,
461 1573 571 1617 foliis
585 1573 794 1627 2-5-jugis
816 1573 972 1615 foliolis
995 1573 1338 1626 ovato-oblongis
1357 1573 1519 1615 retusis
1539 1574 1746 1628 utrinque
1763 1586 1911 1618 canes-

207 1633 543 1686 centi-sericeis,
588 1632 761 1686 stipulis
815 1632 1206 1675 lineari-subulatis
1253 1630 1464 1674 brevibus
1510 1631 1674 1685 rigidis,
1722 1634 1907 1677 racemis

209 1692 512 1747 oppositil'oliis
551 1691 785 1734 laxissimis
826 1692 1076 1744 paucissoris
1108 1691 1207 1734 folio
1239 1691 1523 1743 longioribus,
1550 1692 1708 1746 calycis
1744 1693 1911 1741 laciniis

208 1751 735 1805 triangulari-lanceolatis
773 1750 876 1792 tubo
908 1750 1277 1803 sublongifflibus,
1319 1750 1479 1791 corolla
1511 1752 1908 1795 caeruleo-violacea

211 1811 313 1854 tubo
344 1811 440 1864 plus
479 1810 611 1863 duplo
645 1810 851 1861 longiore,
886 1809 1179 1863 leguminibus
1206 1808 1456 1852 subfalcatis
1486 1808 1696 1863 adpresse
1717 1811 1846 1853 hirtis
1873 1817 1910 1859 5.

210 1870 251 1912 Τ.
276 1868 506 1922 Apollinea
532 1881 612 1911 nc.
635 1868 783 1910 Prodr,
814 1868 868 1918 ΙΙ,
891 1881 931 1922 p.
953 1870 1051 1910 254.

254 1943 355 1978 Hal).
383 1943 425 1977 in
442 1941 557 1977 cultis
585 1941 780 1977 derelictis
805 1944 843 1977 et
865 1942 915 1977 ad
939 1942 1020 1977 Nili
1037 1942 1236 1987 margines
1264 1942 1305 1977 in
1323 1941 1496 1988 AEgypto
1523 1943 1723 1989 superiore
1745 1943 1796 1979 ah
1814 1943 1912 1979 Her-

207 1990 359 2026 monthi
375 1993 413 2025 et
430 1988 699 2035 Apollinopoli
718 1988 839 2032 (Del.‚
858 1988 969 2024 Siebl
985 1989 1115 2024 Boissl
1133 1991 1231 2031 etc),
1252 1989 1292 2024 in
1315 1989 1563 2036 rupestrihus
1581 1995 1618 2025 et
1635 1991 1811 2027 arenosis
1828 1990 1913 2026 val—

206 2038 304 2073 lium
318 2037 404 2084 jugi
422 2037 893 2082 Six1aitici(schimp.exs.
913 2036 999 2072 436!
1018 2036 1167 2082 Boissl)
1204 2036 1258 2072 Fl.
1286 2035 1397 2071 Mart.
1415 2038 1508 2084 Apr.

252 2102 314 2137 Ar.
346 2102 478 2147 Geoqr.
512 2101 654 2145 Nubia,
673 2100 898 2146 Abyssinia.

270 2267 307 2307 ⁴2.
342 2266 397 2308 T.
426 2265 669 2308 Persica
696 2265 857 2319 (Boiss.
883 2264 1033 2318 Diagn.
1053 2264 1149 2306 Ser.
1182 2264 1213 2318 Ι,
1237 2265 1276 2317 2,
1301 2278 1342 2319 p.
1365 2264 1441 2319 40)
1463 2264 1659 2308 caulibus
1679 2264 1914 2319 gracilibus

208 2326 365 2367 erectis
391 2336 582 2377 superne
606 2324 815 2377 adpresse
838 2324 1185 2375 canescentibus,
1219 2324 1332 2366 foliis
1360 2323 1522 2378 4-jugis
1553 2324 1712 2366 foliolis
1740 2324 1912 2367 lineari-

208 2384 458 2426 lanceolatis
478 2383 645 2425 obtusis
672 2395 767 2425 cum
793 2383 1048 2425 mucronulo
1075 2383 1257 2426 incurvo
1271 2395 1403 2437 supra
1424 2382 1915 2436 glabrescentibussub-

207 2447 279 2486 tus
307 2443 517 2497 adpressc
558 2442 903 2493 canescentibus,
931 2442 1105 2495 stipulis
1142 2441 1351 2484 brevibus
1396 2441 1909 2495 lanceolam-linearibus,

208 2504 392 2544 racemis
419 2501 722 2554 oppositifoliis
757 2501 865 2542 laxis
901 2500 1064 2542 strictis
1113 2500 1287 2551 demum
1324 2500 1449 2542 valde
1488 2501 1712 2554 elongatis,
1755 2501 1914 2554 calycis

208 2561 487 2604 ruso-liirsnti
526 2560 691 2602 laciniis
726 2560 971 2602 lanceolatis
1000 2559 1102 2602 tubo
1146 2559 1502 2613 subaequilongis,
1539 2560 1698 2601 corolla
1725 2560 1913 2602 violacea

208 2620 351 2673 calyce
375 2620 473 2673 plus
497 2618 628 2673 duplo
648 2619 853 2672 longiore,
881 2617 1171 2671 leguminibus
1195 2619 1325 2660 rectis
1344 2618 1859 2660 rufescenti-tomentosis
1876 2626 1913 2667 5.

254 2693 345 2728 Hal)
376 2694 414 2728 in
434 2693 597 2727 desertis
616 2693 757 2728 Persia.¹
776 2692 959 2727 australis
979 2691 1186 2727 maritima}
1200 2691 1341 2737 (Auch.
1357 2702 1437 2727 exs.
1451 2691 1545 2727 4463
1558 2692 1584 2736 l)
1601 2693 1639 2726 et
1655 2692 1697 2726 in
1712 2691 1916 2727 montibus

208 2740 319 2786 regni
337 2741 508 2775 Mascate
530 2740 670 2775 (Aucli.
690 2751 771 2774 exs.
793 2739 934 2784 43340.

255 2804 378 2839 Valde
395 2805 523 2838 aliinis
548 2803 581 2839 T
616 2803 835 2850 Apollinem
852 2803 981 2838 differt
1007 2803 1239 2838 indumento
1267 2803 1475 2838 rufescenti
1500 2801 1730 2838 tomentello
1756 2812 1827 2837 nec
1844 2801 1915 2837 ad-

208 2852 459 2898 pressissinio
478 2851 648 2896 partium
674 2851 880 2895 flor-silium,
899 2850 1047 2888 foliolis
1064 2850 1189 2886 multo
1207 2850 1502 2896 angustioribus
1520 2848 1793 2897 (pollicaribus
1816 2850 1835 2884 1
1853 2849 1914 2895 Ἃ-

208 2901 232 2935 2
249 2900 288 2943 ¹s'2
304 2898 370 2933 lin.
392 2898 510 2943 latis),
528 2898 729 2943 legumine
744 2902 857 2933 recto.
