2085 3231
243 172 314 208 124
969 175 1247 203 LEGUmNOSAE.
1716 162 1934 210 Trifolium.

300 252 338 295 ὃ.
372 249 712 292 Blancheanum.
744 247 861 290 Folia
897 247 1049 290 brevia
1074 247 1242 289 obtusa.
1260 245 1384 301 Spica
1399 244 1590 289 florifera
1613 244 1937 298 ovato-globosa

241 310 332 352 basi
374 309 471 351 folio
510 319 715 361 supremo
763 306 1047 354 involucrata,
1087 305 1242 358 calycis
1289 304 1453 347 laciniae
1496 304 1641 347 minus
1683 302 1936 358 inaequales,

242 368 448 410 vexillum
475 365 775 408 abbreviatum
800 365 1053 417 alasminus
1068 364 1193 417 longe
1214 375 1442 418 superans.
1458 387 1513 393 -—
1533 362 1577 406 T.
1606 360 1938 406 Blancheanwm

242 426 381 469 Boiss.
408 425 558 478 Diagn.
587 423 680 467 Ser.
702 422 757 476 ΙΙ,
785 424 825 469 Ξ,
852 427 893 478 p'.
920 423 987 466 13.
1457 464 1459 467 ,
1913 440 1916 445 ·
1943 421 1945 423 ’

241 548 259 592 (
288 500 448 592 Ηῧῗὶῗη
470 500 643 535 arenosis
670 499 722 535 ad
737 499 824 535 vias
850 498 950 535 eirca
975 497 1194 544 Berythum
1223 499 1261 533 et
1275 497 1457 544 Tripolin
1474 496 1541 542 (Bl
1552 497 1589 542 l),
1617 497 1718 533 citea
1750 495 1938 532 Sidonem

261 548 333 584 Ga*
382 575 417 581 ..

289 609 443 656 Species
460 607 576 643 valde
590 607 772 654 polymor
803 607 856 643 ha
875 607 1054 643 caulibus
1072 606 1282 653 pedalibus
1291 606 1617 653 longioribusque
1632 605 1767 641 erectis
1782 604 1845 641 vel
1858 604 1939 654 3-4-

241 651 494 704 pollicaribus
508 655 777 702 procumbenti
809 666 866 700 us,
880 654 983 690 foliis
1001 653 1191 690 brevibus
1205 653 1357 689 obtusis
1374 653 1439 689 vel
1457 654 1587 699 longis
1605 653 1783 698 angustis
1802 652 1938 698 acutis,

242 704 359 750 spicis
378 703 467 749 plus
494 703 622 736 minus
641 702 841 747 elongatis.
861 702 999 737 Affinis
1021 700 1061 737 T.
1080 710 1280 748 purpureo
1299 700 1351 736 ab
1370 710 1415 736 eo
1435 700 1691 746 distinguitur
1717 711 1735 734 s
1765 699 1835 734 icis
1853 699 1938 735 bre·

242 750 431 794 vioribus‚
461 749 603 793 calycis
619 748 774 784 laciniis
805 748 1131 785 subbrevioribus
1159 748 1289 782 minus
1319 747 1596 794 inaequalibus,
1627 746 1732 781 corol
1753 749 1776 782 a
1792 745 1938 792 calycis

243 797 492 843 proportione
517 796 695 831 breviore
723 795 786 831 5-7
807 806 877 831 nec
905 795 1015 831 10-11
1034 794 1161 830 lineas
1185 794 1315 840 longa;
1339 805 1389 830 an
1406 797 1538 830 tamen
1568 794 1618 829 ad
1640 793 1740 829 illud
1766 794 1941 829 transeat

243 844 406 879 ulterius
435 842 737 878 observandum
756 842 1083 878 Varietas.d*mih1
1107 844 1292 877 caeterum
1318 851 1367 876 ex
1393 842 1508 877 unico
1534 841 1748 887 specimine
1767 840 1937 876 florifero

244 894 337 926 nota
354 890 566 936 habituque
583 893 621 925 et
638 889 820 936 capitulis
838 889 1014 935 globosis
1033 888 1072 925 T.
1085 887 1286 935 Smyrnoei
1293 890 1330 924 et
1343 887 1441 924 hirti
1450 888 1616 933 insignis
1631 898 1679 923 ex
1691 888 1789 923 serie
1803 896 1941 923 nume-

246 940 335 973 rosa
364 936 622 982 speciminum
644 936 685 980 Τ.
704 935 922 973 Βεευααωίἰ
939 947 962 972 a
980 936 1026 972 cl.
1048 935 1223 971 Blanche
1248 938 1286 971 et
1310 935 1529 971 Gaillardot
1556 935 1770 971 missorum
1794 934 1842 970 ad
1867 934 1942 971 hoc

248 984 413 1020 transire
428 983 592 1019 videtur.

304 1121 372 1161 31.
406 1119 448 1161 ¹1·
498 1119 871 1163 Palestinum
905 1118 1067 1174 (Boiss.
1093 1118 1244 1173 Diagn.
1278 1116 1371 1160 Ser.
1405 1117 1437 1170 Ι,
1465 1119 1507 1170 9,
1540 1130 1581 1173 p.
1611 1116 1686 1172 21)
1718 1116 1864 1171 patule
1896 1119 1941 1160 et

246 1179 435 1220 molliter
466 1178 713 1232 hispidum,
755 1178 929 1231 stipulis
969 1177 1155 1232 abrupte
1202 1174 1588 1221 setaceo-caudatis
1637 1175 1943 1230 superioribus

247 1236 507 1288 subinflatis‚
524 1237 683 1293 ¹foliolis
704 1237 1108 1291 oblongo-cllipticis
1130 1237 1198 1278 vel
1217 1236 1457 1278 linearibus
1481 1235 1808 1285 obtusiusculis
1829 1234 1944 1289 capi-

244 1295 351 1338 tulis
377 1296 515 1338 ovatis
532 1296 706 1338 tandem
723 1295 934 1350 oblongis,
951 1295 1109 1349 calycis
1131 1294 1418 1349 hispidissimi
1448 1294 1607 1337 corolla
1629 1294 1770 1336 albida
1787 1295 1944 1348 quarta

246 1357 368 1407 parte
395 1354 609 1397 brevioris
635 1354 801 1396 laciniis
826 1353 1042 1397 subulatis
1062 1354 1275 1400 truncatis
1294 1354 1400 1397 tubo
1426 1353 1644 1408 subduplo
1675 1352 1943 1406 longioribus

246 1412 452 1456 inferiore
479 1413 747 1467 sublongiori
770 1413 996 1456 fructifero
1021 1413 1190 1456 deflexo
1212 1414 1274 1460 Θ.

246 1487 392 1569 FlHgb.
419 1488 459 1523 in
478 1490 653 1525 arenosis
678 1489 888 1525 Palestinae
911 1488 961 1525 ad
991 1489 1099 1525 Gaza
1127 1488 1306 1534 (Boissl),
1337 1487 1386 1525 ad
1411 1488 1575 1525 Hebron
1601 1487 1691 1534 (Ky.
1716 1497 1798 1524 exs.
1822 1486 1941 1533 8501).

297 1563 303 1568 .
360 1545 415 1581 pr.

289 1596 431 1633 Pedale
449 1597 511 1633 vel
530 1599 674 1645 saepius
696 1599 976 1646 3-4-pollicare‚
1001 1599 1174 1646 capitula
1198 1599 1396 1635 fructifera
1415 1598 1484 1634 8-9
1500 1598 1627 1634 lineas
1644 1598 1776 1645 longa,
1798 1598 1944 1635 corolla

243 1643 308 1679 5-6
326 1644 448 1679 lineas
474 1645 601 1690 longa.
630 1645 782 1690 Calyeis
805 1656 892 1682 cum
920 1645 1065 1682 corolla
1088 1646 1339 1694 proportione
1359 1656 1383 1681 a
1402 1645 1442 1682 T.
1459 1645 1727 1689 diem-onnam,
1776 1654 1946 1687 urpureo

241 1690 726 1775 ἱξεῧξξυᾶιίἔῖῐιξὲῐῗῐὲἰωῌε
744 1695 872 1729 ovatis
890 1703 959 1729 nee
982 1694 1125 1730 conicis
1143 1705 1166 1729 a
1184 1693 1224 1730 T.
1243 1692 1515 1741 Pamphyloeo,
1544 1693 1743 1740 anqustifo
1761 1693 1810 1737 io,
1826 1694 1944 1730 inter-

385 1820 428 1861 -l-
478 1822 521 1864 -ἧ-
570 1819 680 1856 Folia
697 1831 880 1867 suprema
900 1821 1091 1868 opposita.
1127 1818 1311 1867 Capitula
1335 1820 1598 1867 pedunculata
1616 1821 1678 1857 vel
1696 1820 1801 1857 foliis

867 1869 1034 1904 summis
1058 1867 1314 1904 involucrata.

301 1976 368 2017 32.
403 1976 457 2018 T.
503 1972 970 2035 dichroanthuin
1002 1977 1172 2033 (Boiss.
1213 1977 1365 2031 Diagn.
1399 1976 1491 2020 Ser.
1530 1977 1572 2031 Ι,
1600 1979 1652 2031 9,
1683 1991 1724 2032 p.
1753 1978 1834 2034 ΞΟ)
1867 1977 1941 2021 ad-

239 2046 393 2088 presse
410 2034 643 2087 hirsutum,
657 2037 854 2078 caulibus
867 2037 1267 2091 procumbentibus,
1280 2036 1456 2090 stipulis
1472 2037 1733 2080 brevissime
1751 2041 1943 2082 setaceo-

237 2093 433 2135 caudatis
473 2095 777 2148 superioribus
817 2095 1002 2146 inflatis,
1045 2096 1202 2138 foli011s
1251 2096 1701 2150 elliptico-linearibus
1756 2096 1942 2150 obtusis,

236 2152 439 2205 capitulis
478 2153 681 2196 floriferis
713 2155 852 2196 ovatis
884 2155 1057 2197 tandem
1083 2155 1346 2209 cylindricis,
1373 2154 1530 2209 calycis
1557 2155 1846 2198 hirsutissimi
1871 2167 1942 2199 oo-

241 2211 350 2252 rolla
367 2212 497 2265 triplo
517 2212 732 2255 brevioriS
752 2213 915 2255 laciniis
935 2213 1151 2256 subulatis
1174 2227 1330 2269 parum
1346 2213 1637 2269 inaequalibus
1658 2215 1763 2258 tubo
1784 2213 1941 2269 longio-

240 2269 378 2370 ribus,
406 2271 563 2313 vexillo
586 2271 743 2378 ρᾶἰίὲάθ
761 2284 917 2314 carneo
936 2277 1120 2326 anguste
1141 2273 1295 2316 lineari
1311 2274 1402 2315 alas
1422 2277 1465 2316 et
1484 2273 1680 2316 carinam
1697 2285 1940 2328 purpureas

262 2341 370 2382 onge
395 2333 632 2383 superante
709 2364 718 2371 .

289 2403 390 2439 Hab.
408 2404 449 2439 in
467 2404 631 2441 collibus
648 2405 862 2442 Palestinae
885 2407 985 2442 circa
1011 2407 1119 2443 Gaza
1137 2406 1268 2452 (Boiss
1281 2409 1319 2453 l),
1341 2407 1458 2454 Syria
1475 2407 1637 2444 littorali
1661 2408 1709 2443 ad
1727 2408 1937 2452 Berythuxt

239 2449 306 2493 (Bl
324 2452 349 2495 l)
367 2453 405 2486 et
421 2452 626 2488 Tortosam
637 2453 769 2497 (Gaul
780 2455 818 2499 1),
834 2453 980 2489 Ciliciae
995 2454 1044 2489 ad
1055 2454 1262 2497 Giaurkio'i
1278 2465 1399 2502 prope
1426 2454 1596 2491 Mersina
1622 2454 1762 2500 (Ball).
1782 2455 1839 2491 Fl.
1852 2456 1935 2504 Api·

291 2514 433 2551 Caules
455 2516 600 2562 saepius
619 2516 841 2553 abbreviati
859 2517 924 2553 sed
941 2518 1138 2553 interdum
1153 2517 1324 2564 pedales,
1342 2519 1481 2555 foliola
1491 2518 1555 2555 6-9
1568 2518 1635 2554 lin.
1650 2518 1838 2565 longam
1854 2519 1936 2556 lata

245 2562 419 2615 capitula
435 2563 631 2598 fructifera
648 2564 996 2611 sesquipollicaria,
1023 2565 1170 2601 corolla
1195 2565 1284 2601 8—12
1311 2565 1438 2602 lineas
1455 2566 1585 2612 longa.
1614 2565 1779 2613 Stipulis
1798 2567 1930 2603 brevis

243 2618 343 2643 sime
360 2610 547 2650 caudatis.
572 2611 729 2657 stipulis
747 2622 874 2658 super.
906 2612 1063 2654 inflatis,
1088 2612 1237 2648 corolla
1263 2613 1492 2650 versicolori
1525 2615 1564 2649 et
1579 2613 1775 2660 imprimis
1801 2613 1935 2650 vexssh

246 2655 476 2701 longissimo
494 2668 518 2692 a
536 2657 575 2693 T.
589 2669 668 2705 pm·
699 2668 792 2695 areo
807 2662 844 2694 et
864 2658 1124 2706 Pamphylico
1141 2659 1381 2696 distinctum.
1397 2660 1580 2706 Capitula
1593 2661 1817 2696 terminalia
1832 2662 1933 2697 inter

245 2701 339 2738 dum
359 2703 453 2786 b'itna
466 2708 503 2740 et
522 2706 614 2740 tunc
631 2669 724 2740 sosia
745 2716 931 2753 suprema
944 2707 1124 2754 opposita
1141 2707 1247 2754 quod
1262 2707 1303 2742 in
1320 2708 1524 2754 speciebus
1538 2707 1851 2755 praecedentibus
1867 2718 1934 2745 n01

245 2759 393 2785 occurri
414 2779 420 2786 .

307 2868 376 2908 33.
395 2867 448 2909 T.
470 2866 802 2911 formosum
829 2867 955 2923 (Urv.
985 2868 1137 2912 Enum.
1162 2881 1203 2923 p.
1232 2869 1311 2920 94)
1333 2869 1688 2923 adpressiuscule
1716 2869 1932 2913 hirsutum

245 2928 455 2979 erectum,
491 2926 664 2980 stipulis
697 2925 1036 2970 membranaceis
1070 2927 1232 2970 inflatis
1268 2928 1405 2971 cauda
1432 2928 1682 2982 lanceolata,
1706 2928 1862 2971 foliolis
1888 2928 1929 2972 el
