2045 3227
138 205 362 252 Trifolium.
854 213 931 239 me
937 213 1134 239 umNOSAE.
1769 208 1838 244 131

135 288 293 331 corolla
311 285 454 329 albida
477 285 769 339 sublongioris
796 285 962 326 laciniis
988 285 1277 338 inaequalibus
1305 287 1551 329 lanceolatis
1574 288 1725 341 rigidis
1748 303 1843 332 mu-

135 346 324 389 cronatis
352 345 493 387 valide
525 343 770 387 unium-viis
811 344 986 386 demum
1019 346 1469 398 arcuato-patentibus
1495 346 1599 389 tubo
1622 349 1843 402 siibzequi-

135 405 287 458 longis,
314 403 419 447 tubo
445 403 669 446 fructifero
694 402 933 457 cylindrico
956 404 1077 444 fauce
1103 403 1262 445 callosa
1282 404 1430 447 clausa
1443 412 1505 458 Θ.

181 478 281 512 Hab.
299 477 340 512 in
354 476 466 512 siccis
482 467 522 512 et
537 476 712 514 arenosis
729 476 849 511 totius
866 476 1027 511 ditionis
1039 488 1061 511 a
1078 467 1249 512 Graecia!
1263 480 1301 512 el
1314 478 1483 513 Thracia
1500 479 1660 523 (Griseb
1672 482 1697 525 l)
1709 481 1758 516 ad
1769 481 1842 526 Sy-

133 525 231 560 riam
249 527 288 560 et
302 526 478 559 montem
500 523 625 559 Gebel
644 522 760 558 Belas
778 523 921 558 deserti
938 524 990 558 ad
1008 524 1236 568 Palmyram
1256 524 1320 568 (131
1334 527 1371 569 l),
1390 525 1629 561 Palestinam
1657 528 1789 570 (Boiss
1802 530 1840 573 l),

133 572 318 607 Tauriam
337 573 375 606 et
391 581 504 618 prov.
524 570 873 606 'Pl-anscaucasicas
890 571 1048 614 (Ledeb.
1075 570 1236 616 Szow!)‚
1264 572 1591 618 Mesopotamiam
1611 575 1789 618 (Haussk
1802 577 1840 621 l),

132 619 306 655 persiam
324 617 721 654 boreali—orientalem
741 618 781 652 in
800 618 1001 653 montibus
1020 628 1128 664 prov.
1148 619 1367 654 Asterabad
1384 620 1532 666 (Bgel).

178 682 240 717 Ar.
264 681 396 727 Geogr.
422 681 568 716 Insulae
598 680 862 716 Canarienses
892 683 930 716 et
960 682 1146 722 Azoricae.
1174 682 1333 729 Europa
1365 684 1497 720 media
1528 687 1566 720 et
1588 685 1773 721 australis
1791 687 1842 722 ab

133 729 277 774 Anglia
293 732 331 764 et
347 728 564 764 Germania
580 727 633 763 ad
650 727 910 774 Hungar1am,
930 729 1062 764 Africa
1079 729 1262 765 borealis.

191 883 260 924 50.
292 882 347 924 Τ.
381 881 780 925 Dalmaticum
806 880 991 936 (Visian.
1021 882 1082 923 Pl.
1108 895 1195 924 rar.
1221 883 1359 925 Dalm.
1385 884 1575 939 31)-basi
1595 887 1740 939 patule
1764 899 1837 929 su-

131 953 265 996 perne
283 941 495 995 adpresse
515 941 777 994 pubescens,
803 940 1000 983 caulibus
1022 941 1179 983 erectis
1195 942 1265 983 vel
1289 944 1642 997 ascendentibus,
1665 946 1842 1000 stipulis
1887 955 1890 959 ·

130 1000 319 1043 dilatatis
358 999 657 1054 partevlibera
694 1000 888 1041 breviter
927 1000 1415 1053 lanceolam-sublimus,
1457 1004 1612 1046 foliolis
1639 1010 1841 1048 cuneato-

131 1059 326 1103 obovatis
363 1057 640 1113 oblongisve‚
687 1058 889 1112 capitulis
925 1059 1181 1101 axillaribus
1216 1060 1440 1104 interdum
1474 1063 1660 1115 geminis
1699 1066 1839 1107 ovatis

128 1118 305 1161 demum
344 1117 861 1172 oblongo-cylindraceis‚
899 1118 1057 1171 calycis
1092 1119 1250 1161 hirsuti
1277 1122 1437 1163 corolla
1467 1124 1623 1164 carnea
1651 1123 1836 1166 subbre-

132 1177 265 1220 vioris
303 1176 470 1219 laciniis
509 1176 751 1219 uninerviis
788 1176 1216 1220 lineari-lanceolatis
1257 1180 1378 1233 apice
1424 1180 1608 1235 abrupte
1640 1182 1838 1238 ¹pilil'eris

130 1236 418 1290 inaequalibus
445 1231 619 1278 demum
646 1236 836 1277 arcuatis
859 1235 964 1278 tubo
987 1236 1267 1289 longioribus,
1292 1239 1413 1281 fauce
1431 1240 1578 1282 clausa
1597 1241 1756 1283 callosa
1773 1248 1835 1294 Θ.

131 1294 185 1337 lc.
209 1295 241 1337 1⁴*
244 1296 271 1337 l.
296 1295 435 1337 Dalm.
464 1294 549 1337 tab.
577 1296 647 1337 45.
667 1319 718 1325 —-
749 1295 792 1336 T.
814 1294 1089 1336 Lucanicum
1108 1295 1239 1351 Gasp.
1263 1298 1307 1339 in
1329 1296 1458 1341 Guss.
1482 1299 1554 1340 Pr.
1582 1301 1649 1352 11,
1674 1313 1713 1353 p.
1735 1301 1833 1342 494.

175 1369 277 1404 Hab.
294 1370 335 1404 in
354 1369 466 1405 siccis
483 1369 655 1415 regionis
676 1372 888 1413 montanae,
914 1370 1094 1415 Smyrnae
1122 1375 1276 1408 montes
1303 1373 1485 1419 (Boissl),
1512 1374 1628 1410 Caria
1646 1377 1686 1410 in
1704 1378 1837 1412 monte

129 1416 280 1452 Cadmo
298 1416 433 1462 (Boiss
447 1418 488 1463 Ξ),
506 1417 627 1462 Lycia
643 1417 743 1453 circa
762 1417 920 1452 Elmalu
940 1417 1138 1463 (Bourgl).
1155 1419 1213 1454 Fl.
1231 1420 1320 1455 Jun.

174 1481 288 1516 Facie
305 1483 344 1517 et
356 1481 648 1517 characteribus
669 1481 709 1517 T.
722 1480 862 1517 scabro
875 1481 991 1517 valde
1009 1483 1126 1518 affine
1144 1483 1271 1519 differt
1288 1485 1434 1520 foliolis
1453 1487 1600 1533 saepius
1615 1488 1840 1535 maculatis,

128 1529 311 1575 capitulis
328 1528 587 1564 crassioribus
605 1528 854 1574 longioribus
869 1529 956 1564 basi
973 1540 1052 1564 non
1067 1533 1293 1577 attenuatis,
1304 1533 1450 1577 calycis
1461 1533 1614 1570 laciniis
1633 1536 1836 1581 angustio-

125 1576 235 1610 ribus
253 1575 501 1621 longioribus
526 1586 607 1612 non
624 1576 894 1622 pungentibus
910 1576 980 1612 sed
1000 1577 1109 1624 apice
1127 1579 1406 1623 subtruncatis‚
1424 1581 1571 1617 corolla
1588 1581 1723 1628 calyce
1742 1583 1837 1619 sub-

130 1623 314 1669 iongiore.

173 1687 234 1722 Ar.
254 1686 390 1732 Geogr.
416 1686 550 1723 Sicilia
563 1690 601 1723 et
617 1687 731 1723 Italia
748 1686 949 1733 australis,
966 1687 1180 1724 Dalmatia.

185 1844 254 1885 51.
285 1844 339 1886 Τ.
361 1843 624 1889 filicaule
645 1844 810 1903 (Boiss.
847 1845 1064 1888 et<Heldr.
1093 1847 1246 1900 Diagn.
1272 1848 1366 1891 Ser.
1394 1850 1424 1902 Ι,
1452 1852 1492 1901 9,
1519 1864 1559 1905 p.
1589 1852 1665 1908 24)
1701 1866 1839 1908 parce-

126 1906 169 1944 et
193 1902 403 1956 adpresse
431 1904 661 1956 hii-tulum⁷
690 1905 888 1948 caulibus
914 1906 1301 1958 procumbentibus
1336 1909 1605 1953 divaricatim
1633 1912 1835 1965 ramosis,

125 1961 298 2015 stipulis
315 1966 437 2015 parte
456 1963 591 2005 libera
605 1963 801 2005 breviter
822 1965 1092 2015 lanceolatis,
1110 1966 1263 2008 foliolis
1281 1967 1476 2011 obovatis
1491 1970 1660 2013 obtusis
1684 1972 1832 2014 nervis

125 2032 283 2062 versus
324 2022 561 2075 marginem
603 2023 797 2065 curvatis
834 2023 1003 2075 Obsius,
1040 2025 1242 2078 capitulis
1288 2027 1486 2081 oblongis
1528 2030 1833 2073 terminalibus

127 2079 269 2121 rarius
308 2080 562 2124 axillaribus
606 2080 719 2124 foliis
757 2082 971 2136 oppositis
1012 2082 1260 2139 brantomis,
1288 2087 1445 2140 calycis
1489 2090 1648 2131 corolla
1676 2092 1832 2132 carnea

128 2138 390 2191 persistente
420 2140 549 2182 tertia
571 2144 695 2195 parte
730 2141 947 2184 brevioris
970 2142 1137 2184 laciniis
1164 2155 1188 2185 e
1216 2144 1310 2192 basi
1348 2146 1582 2190 lanceolata
1616 2148 1833 2191 subulatis

126 2208 252 2250 parce
288 2198 440 2240 eiliatis
477 2199 582 2241 tubo
618 2200 709 2241 basi
737 2200 900 2242 hirtulo
939 2200 1208 2254 longioribus
1245 2204 1619 2259 subinaequalibus
1657 2208 1833 2258 tandem

126 2257 524 2308 patenti—recurvis.
557 2259 677 2301 fauce
705 2259 866 2302 annulo
890 2260 1050 2301 calloso
1078 2265 1292 2305 coarctata
1314 2267 1379 2314 Θ.
1417 2265 1460 2306 Τ.
1488 2265 1834 2318 rotundifolium

127 2313 222 2357 Bor.
247 2319 290 2358 et
314 2314 387 2357 Ch.
408 2316 470 2358 Fl.
495 2317 639 2372 Pelop.
668 2330 711 2371 p.
742 2319 798 2359 50
820 2330 907 2360 non
928 2318 1065 2360 Sibtb.

170 2385 270 2422 Hah.
288 2388 329 2423 in
349 2389 504 2424 saxosis
522 2399 546 2424 a
576 2389 667 2424 ricis
685 2388 853 2434 Taygeti
870 2389 914 2424 in
931 2389 1040 2425 fauce
1059 2391 1194 2431 Parori
1216 2405 1337 2441 prope
1354 2393 1493 2430 Mistra
1510 2397 1550 2431 et
1567 2407 1688 2444 prope
1705 2409 1832 2445 pagos

124 2432 245 2469 Malta
262 2437 300 2470 et
320 2436 515 2481 Anavryti
533 2437 549 2480 (
591 2436 726 2481 eldrl).
744 2436 801 2471 Fl.
822 2437 913 2472 Jun.

169 2496 426 2545 Semipedale‚
445 2499 620 2545 capitula
643 2499 842 2534 fructifera
860 2498 925 2534 7-8
942 2499 1069 2536 lineas
1086 2501 1209 2548 longa
1233 2504 1299 2539 4-5
1323 2505 1405 2540 lata
1422 2505 1598 2543 solitaria
1616 2509 1679 2543 vel
1704 2510 1833 2546 rarius

123 2545 279 2588 gemina
295 2546 477 2582 inferiore
495 2546 644 2590 sessili3
662 2547 777 2581 flores
797 2549 839 2595 ut
855 2546 896 2581 in
919 2546 959 2582 Τ.
979 2547 1115 2583 scabro
1144 2553 1182 2585 et
1200 2550 1431 2588 Dalmatico
1448 2555 1692 2601 receptaculo
1714 2557 1833 2593 valde

124 2591 367 2645 adliaerentes
393 2596 433 2628 et
450 2594 586 2629 dentes
619 2593 737 2639 rigidi
754 2594 1054 2640 subpungentes
1079 2597 1150 2632 sed
1169 2598 1455 2635 inflorescentia
1475 2601 1633 2638 diversa
1663 2606 1699 2638 et
1718 2604 1834 2641 flores

124 2647 302 2685 majores.

182 2795 249 2836 52.
281 2795 336 2837 T.
364 2796 804 2852 trichopterum
841 2799 1022 2855 (pancio
1048 2801 1173 2843 Verz.
1200 2802 1324 2845 Seri).
1352 2805 1396 2846 in
1421 2792 1576 2847 wien?
1594 2806 1830 2850 Verbanffl.

124 2852 195 2906 VI,
222 2867 261 2907 p.
290 2854 398 2910 480)
425 2855 636 2909 adpresse
654 2857 818 2900 hirtum
842 2859 1001 2912 pallide
1026 2861 1174 2903 virens
1199 2863 1447 2906 multicaule
1469 2865 1666 2907 caulibus
1681 2878 1833 2908 asceu-

123 2911 324 2955 (lentibus
361 2914 561 2967 rigidnlis
586 2927 610 2957 a
649 2916 742 2957 basi
773 2919 974 2969 ramosis,
1016 2919 1171 2962 foliolis
1203 2921 1447 2965 obcordalis
1484 2924 1607 2976 longe
1634 2926 1831 2968 cuneatis

124 2970 323 3013 elevatim
353 2973 604 3021 nervulosis
631 2975 751 3028 apice
769 2976 1061 3031 denticulatiS‚
1085 2979 1261 3033 stipulis
1279 2982 1484 3024 scariosis
1507 2983 1832 3027 rubro—nerviis
