2015 3227
125 212 374 260 Pz'mpz'nella.
826 224 1129 250 UMBELLIFERAE.
1755 218 1825 252 867

120 292 253 327 Persia
269 292 450 327 australis
469 292 517 327 ad
538 292 714 327 Abuchir
737 295 774 328 et
792 293 940 338 Seytun
959 294 1139 338 (Haussk
1155 296 1191 339 1),
1218 296 1534 341 septentrionalis
1553 296 1591 331 in
1612 301 1742 333 monte
1760 297 1824 332 El-

125 339 217 374 brus
236 339 325 385 (Ky.
344 339 460 385 5841),
479 349 588 385 prov.
608 339 839 375 Khorassan
857 340 1003 385 (Eget).

170 403 307 437 Affinis
326 401 369 437 P.
386 401 555 446 Creticae,
575 403 701 448 major
718 403 913 437 interdum
930 403 1137 449 bipedalis,
1152 405 1202 439 ab
1217 407 1263 440 est
1280 405 1409 440 dissert
1426 406 1578 441 laciniis
1599 406 1825 443 divaricatis

123 449 305 484 foliorum
330 450 588 495 superiorum,
622 449 741 484 radiis
770 450 894 494 hirtis,
921 450 1069 485 fructus
1086 452 1175 497 pilis
1195 452 1438 497 longioribus
1455 453 1712 499 densioribus,
1744 459 1824 500 sly-

125 496 290 542 lopodiis
310 497 505 542 depressis
522 507 592 531 nec
609 496 996 532 mamillari-conicis.

183 646 225 686 6.
255 644 309 685 Ρ.
339 644 596 686 barbata
623 647 723 696 (uc.
753 642 906 684 Prodr.
942 644 1023 688 IV.
1067 658 1103 698 p.
1140 647 1218 686 109
1256 646 1337 687 sub
1368 647 1641 701 Plyclmliclc)
1667 661 1823 701 annua,

125 705 285 757 praeter
312 702 487 756 vaginas
512 702 732 743 interdum
763 702 925 744 ciliatas
948 704 1096 756 glabra
1128 705 1435 757 glaucesceus,
1472 707 1590 748 caule
1618 708 1736 749 tenui
1762 708 1815 749 in·

125 762 256 803 fracte
291 761 485 803 flexuoso
523 761 789 813 dichotomo‚
818 761 930 803 soliis
960 762 1161 805 omnibus
1194 763 1237 804 in
1267 764 1439 805 lacinias
1470 766 1615 818 longas
1651 767 1824 808 lineari-

123 823 315 862 setaceas
357 820 714 873 bipinnatisectis,
751 820 894 861 fructu
937 824 1062 862 ovato
1100 823 1205 863 setis
1246 822 1354 863 albis
1385 824 1666 877 pupillaribus
1703 826 1824 878 apice

124 878 460 925 suhincrassatis
485 879 618 920 dense
641 882 683 920 et
707 879 831 932 longe
866 879 1049 933 hispido,
1078 881 1333 934 stylopodiis
1361 882 1571 935 contiguis
1602 884 1823 937 depressis

124 939 316 990 margine
347 937 542 991 cupulari
565 938 730 988 obsitis,
767 937 894 991 stylis
936 939 1145 992 elongatis
1178 945 1224 989 G>
1261 941 1310 981 P.
1337 939 1520 982 barbata
1545 941 1680 984 Boiss.
1710 943 1822 985 Ann.

123 996 189 1038 Sc.
214 996 308 1038 Nat.
342 997 467 1047 1844,
491 1010 530 1050 p.
564 998 656 1039 129.
676 1022 731 1027 ——-
751 996 798 1038 P.
820 997 1101 1050 ylazccescens
1127 998 1266 1041 Boiss.
1297 1000 1396 1041 ibid.
1423 1013 1461 1053 p.
1494 1002 1587 1041 130.

170 1069 269 1104 Hah.
289 1070 328 1104 in
348 1070 522 1114 Assyriae
537 1069 698 1105 desertis
718 1070 830 1105 Oliv!
851 1071 971 1105 Ancli.
991 1070 1135 1116 36821),
1165 1075 1295 1107 monte
1326 1074 1389 1108 Pir
1408 1073 1528 1108 Oinar
1546 1074 1709 1109 Gudrun
1729 1078 1767 1111 et
1786 1076 1825 1110 in

122 1117 358 1162 graminosis
375 1117 476 1151 inter
498 1117 607 1152 Erbil
632 1125 669 1152 et
694 1117 853 1152 Kerkuk
876 1118 1101 1163 (Haussk1)‚
1130 1120 1169 1154 111
1192 1120 1326 1155 Persia
1344 1120 1506 1155 australi
1526 1132 1645 1167 prope
1663 1121 1820 1158 Schiraz

121 1164 259 1207 (Aucti.
280 1175 358 1199 exs.
375 1164 484 1199 46361
509 1164 581 1209 Ky.
604 1164 720 1208 4391),
739 1165 788 1200 ad
806 1166 953 1210 Seytun
973 1168 1010 1200 et
1030 1167 1129 1201 inter
1151 1166 1328 1202 Kaserun
1355 1171 1392 1202 et
1418 1168 1581 1203 Daleclii
1601 1169 1780 1212 (Haussk
1794 1172 1819 1214 !)

127 1210 294 1257 Fl.·Apr.
313 1211 403 1246 Mai.

169 1275 305 1310 Planta
334 1274 610 1321 G-O-pollicaris
643 1273 793 1310 laciniis
829 1276 1011 1311 tenuibus
1047 1277 1229 1312 foliorum
1261 1277 1378 1312 etiam
1416 1279 1641 1313 int'eri‹·)rum
1667 1281 1704 1314 et
1734 1279 1824 1325 pilis

124 1321 252 1367 longis
271 1321 408 1368 crispis
427 1322 575 1357 fructus
594 1322 785 1357 distincta.

185 1470 222 1510 7.
256 1469 313 1511 P.
340 1468 649 1524 eriocarpa
675 1469 827 1524 (Russ.
856 1469 1008 1524 Alepp.
1036 1471 1087 1521 ΙΙ,
1116 1484 1154 1525 p.
1185 1472 1289 1525 249)
1317 1485 1460 1514 annua
1489 1473 1824 1523 liii-ta,caulibus

125 1528 301 1582 pumilis
329 1528 533 1570 tenuibus
559 1542 581 1570 a
602 1528 693 1570 basi
718 1528 984 1571 divaricatim
1007 1531 1207 1582 ramosis,
1234 1531 1343 1573 foliis
1372 1532 1498 1573 infer.
1522 1532 1735 1585 petiolatis
1761 1534 1828 1575 in-

124 1587 277 1629 divisis
301 1582 746 1630 cordato-orh'iculatis
774 1588 1182 1641 cremato-dentatis,
1220 1589 1488 1632 intermediis
1525 1591 1567 1633 in
1605 1595 1826 1645 segmenta

127 1646 777 1699 petiolulatacaueam-oblonga
807 1647 942 1689 lobata
969 1648 1281 1701 pinnatisectis.,
1311 1652 1587 1703 superiorum
1606 1652 1825 1694 sessilium

125 1705 289 1747 laciniis
317 1705 671 1748 lineari-setuccis
692 1705 902 1758 rigidulis,
926 1707 1125 1749 umbellis
1146 1708 1289 1761 patule
1309 1709 1584 1751 5-7-radiutis
1609 1710 1741 1752 radiis
1764 1714 1825 1753 te-

127 1764 285 1806 nuibus
314 1764 531 1811 setulosis,
554 1765 696 1807 fructu
724 1766 904 1818 oblongo
934 1766 1056 1819 longe
1075 1767 1362 1819 albo-liispiilo
1385 1767 1641 1821 stylopodiis
1657 1770 1828 1824 elonga-

126 1823 348 1865 to-conicis
368 1823 666 1866 subdistinctis
684 1824 728 1865 iu
747 1825 882 1878 stylos
901 1825 1176 1878 longissimos
1199 1830 1339 1867 rectos
1362 1828 1596 1869 attenuatis
1624 1831 1828 1882 superato

132 1886 195 1932 O.
224 1881 444 1935 Gleesnegsa
469 1882 702 1925 damoides
726 1883 888 1925 Bertol.
915 1884 1031 1926 Misc.
1058 1884 1089 1935 L
1113 1886 1178 1936 17,
1211 1884 1292 1926 tab.
1330 1887 1388 1926 11.
1408 1911 1457 1914 -
1476 1886 1700 1940 Gaytania
1722 1887 1830 1929 dau-

127 1940 270 1982 coides
291 1941 463 1983 Miinter
490 1941 581 1985 Bot.
607 1942 710 1984 Zeit.
743 1944 866 1995 1843,
898 1956 939 1996 p.
976 1945 1071 1985 730.

175 2014 275 2049 Hab.
307 2015 346 2049 in
375 2015 575 2051 Palestinii
602 2017 701 2052 inter
728 2018 1046 2063 Hierosolymam
1076 2021 1111 2053 et
1143 2018 1296 2053 Jericho
1327 2019 1505 2063 (Boissn,
1535 2020 1574 2054 in
1601 2019 1715 2065 Syrizt
1748 2021 1830 2056 bor.

128 2072 245 2107 prope
272 2061 421 2108 Aleppo
454 2063 592 2107 (Aucti,
629 2075 707 2099 exs.
738 2064 879 2109 36831),
917 2067 955 2100 111
992 2065 1275 2112 Mesopotmnia
1306 2076 1425 2112 prope
1457 2066 1565 2101 Erbil
1598 2070 1634 2102 et
1669 2068 1829 2103 Kerkuk

126 2109 304 2151 (Hanssk
317 2111 352 2153 1),
372 2120 490 2156 prope
517 2110 667 2146 Mossul
694 2114 731 2146 et
761 2112 810 2147 ad
837 2113 971 2147 ruinas
998 2112 1152 2148 Ninivae
1180 2114 1296 2153 (ΝΟΜ
1319 2113 1526 2157 Hausski),
1553 2114 1591 2149 in
1614 2118 1745 2150 monte
1767 2115 1831 2150 Pir

126 2155 246 2190 Omar
264 2156 428 2191 Gudrun
447 2157 618 2202 Assyriae
637 2159 815 2202 (Haussk
828 2161 864 2205 l),
883 2160 923 2194 in
935 2159 1170 2205 graminosis
1188 2161 1329 2195 Persiae
1347 2162 1463 2195 austr.
1481 2161 1580 2196 inter
1594 2161 1769 2197 Kaserun
1790 2165 1831 2197 et

132 2202 292 2238 Dalechi
313 2203 489 2247 (Haussk
503 2206 540 2249 1).
562 2204 616 2239 Fl.
638 2216 741 2241 vere.

173 2265 311 2300 Planta
327 2266 606 2312 3—6-pollicaris
624 2268 719 2304 facie
737 2268 782 2305 P.
803 2269 964 2306 Creticae
982 2272 1019 2306 et
1035 2269 1255 2317 puber-ulae,
1275 2271 1324 2306 ab
1342 2271 1397 2306 eis
1417 2271 1653 2318 stylopodiis
1673 2271 1832 2317 elonga-

128 2311 177 2346 tis
196 2313 329 2348 statim
349 2313 639 2360 distinguenda.

818 2462 836 2480 *
887 2463 904 2480 *
956 2464 1134 2500 Biennes.

597 2537 638 2578 †
689 2535 894 2571 Involucm
912 2538 950 2571 et
970 2537 1207 2573 involucella
1232 2539 1351 2574 nulla.

189 2620 229 2660 8.
267 2619 323 2661 P.
362 2623 684 2677 peregrina
724 2625 784 2677 (L.
821 2626 949 2668 Mant.
992 2628 1096 2681 357)
1130 2628 1298 2670 biennis
1341 2630 1829 2682 pubescenti-scabrida,

130 2678 252 2719 caule
278 2679 387 2720 elato
425 2680 512 2721 basi
552 2686 794 2726 retrorsum
834 2685 1003 2728 hirsuto
1042 2699 1233 2739 superne
1271 2688 1611 2742 subcorymbose
1648 2702 1831 2740 ramoso,

132 2736 243 2779 foliis
267 2737 428 2779 intimis
469 2740 764 2793 pinnatisectis
803 2744 1013 2798 3-4-jugis
1053 2746 1288 2797 segmentis
1326 2751 1506 2789 cuneato
1547 2749 1612 2790 vel
1639 2749 1835 2792 cordato-

130 2796 267 2838 ovatis
310 2796 660 2842 dentato-lobatis
702 2802 916 2844 terminali
967 2804 1152 2856 triloho,
1202 2806 1506 2858 superioribus
1562 2807 1605 2848 in
1654 2807 1829 2850 lacinias

129 2856 588 2899 cuneato-lanceotatus
615 2860 888 2914 linear-esque
917 2863 1140 2915 dissectis,
1163 2863 1360 2906 umbellis
1389 2866 1693 2909 multiradiatis
1717 2866 1833 2908 fruc-

131 2911 269 2955 tiferis
307 2916 565 2969 contractis,
614 2918 757 2961 fructu
797 2933 930 2973 parvo
975 2925 1099 2964 ovato
1144 2923 1239 2974 pilis
1273 2923 1412 2975 longis
1453 2924 1613 2977 patulis
1664 2924 1834 2978 hispido

134 2971 393 3026 stylopodiis
436 2975 816 3031 conice-elongatis
852 2978 1180 3033 divergentihus
1218 2981 1262 3023 in
1296 2982 1434 3035 stylos
1475 2983 1626 3036 longos
1665 2987 1834 3026 erectos
