2065 3236
209 232 279 268 498
885 227 1165 256 LEGUMINOSAE.
1263 215 1508 263 Astrayalus
1526 215 1643 261 (XCI.
1660 214 1905 262 Cyrtobasis.

212 307 457 354 lanceolatis
493 304 699 354 hirsutis,
734 300 891 345 foliolis
918 298 1128 353 6-8-jugis
1151 296 1550 351 obovato-oblongis
1575 298 1904 351 mucronulatis,

212 369 341 424 spicis
375 365 522 408 densis
549 361 802 406 axillaribus
830 358 1083 410 sessilibus,
1109 355 1298 398 bracteis
1324 355 1461 409 longis
1482 356 1737 407 linearibus,
1763 357 1906 410 calyce

212 425 484 470 albo-villoso
522 423 646 475 longo
680 418 883 462 dentibus
917 413 1231 468 nigricanlihus
1265 427 1289 456 e
1314 413 1409 457 basi
1432 415 1667 457 lanceolata
1691 414 1906 457 subulatis

211 487 256 528 in
286 495 440 527 conum
477 478 809 524 conniventibus
846 474 1023 517 dimidio
1048 472 1153 516 tubo
1179 473 1461 527 longioribus,
1480 473 1630 515 vexilli
1655 474 1799 527 calyce
1820 486 1908 516 non

211 541 416 596 longioris
454 539 613 582 lamina
645 538 771 580 ovata
797 535 979 588 integra,
1002 532 1083 574 alis
1108 531 1291 585 integris
1311 531 1520 574 vexillum
1546 531 1908 586 subaequantibus

212 601 359 645 carina
390 599 463 641 vix
500 595 795 650 longioribus,
826 592 974 635 ovario
1007 590 1302 633 hirsutissimo
1341 590 1571 633 subsessili
1598 590 1909 634 subbiloculari

212 658 523 707 8-10-ovulato,
547 653 765 708 legumine
776 681 906 692 .....
925 654 963 696 26
973 683 982 692 .

259 733 357 768 Hab.
372 731 413 767 in
428 727 699 765 Turkestaniae
713 726 916 762 montibus
929 723 1068 770 Mogul
1080 723 1166 759 Tau
1179 722 1416 768 (Sewerzow
1427 723 1454 768 l)
1473 722 1576 767 (vid.
1591 722 1747 759 frustul.
1764 725 1803 760 et
1817 734 1910 760 ana-

212 780 332 826 lysim
350 779 388 813 in
407 777 512 813 herl).
534 775 689 820 Bung.)
1409 775 1414 778 ·
1699 810 1701 814 Ι

261 835 403 871 Caules
416 831 715 878 Q-ss-pollieares‚
728 828 898 876 petiolus
913 827 1072 863 tandem
1087 825 1342 873 bipollicariS,
1356 824 1494 860 foliola
1503 825 1653 872 majora
1663 825 1687 862 6
1696 825 1765 862 lin.
1778 826 1910 873 longa,

211 883 329 927 calyx
354 881 463 916 10-11
490 880 614 913 lineas
637 877 781 922 longus
807 874 992 911 dentibus
1017 873 1041 909 5
1060 873 1127 908 lin.
1152 872 1292 918 longis,
1315 873 1460 918 vagina
1478 873 1671 908 staminea
1688 875 1910 910 transverse

210 929 354 969 calvcis
369 927 456 963 basi
471 926 615 961 adnata
629 934 718 960 cum
733 923 806 959 alis
820 925 858 958 et
871 921 1003 958 carina
1017 931 1065 956 ex
1086 920 1171 965 ejus
1189 919 1335 965 angulo
1354 922 1514 955 externo
1532 920 1624 955 oriri
1643 920 1797 956 videtur
1815 920 1911 956 dum

213 968 362 1012 stainen
389 973 606 1009 solitarium
628 981 716 1006 cum
742 969 879 1006 ovario
901 970 938 1004 et
966 967 1115 1004 vexillo
1142 977 1189 1003 ex
1214 967 1361 1012 angulo
1384 966 1538 1002 interno
1569 966 1715 1012 calycis
1745 968 1911 1004 oriunda

212 1024 315 1058 sunt.
335 1020 490 1057 Corona
507 1029 712 1066 purpurea.

555 1147 782 1202 Astrayali
804 1145 967 1200 species
991 1144 1178 1188 obscura
1195 1143 1587 1198 praetermittenda.

275 1249 325 1292 Α.
348 1250 658 1302 cryptocarpos
686 1245 787 1300 (nc.
815 1245 933 1288 Astr.
961 1252 1008 1287 n⁰
1034 1245 1103 1287 82.
1141 1269 1189 1274 —
1225 1243 1378 1285 Prodr.
1404 1255 1443 1296 p.
1473 1243 1579 1298 296)
1606 1243 1789 1286 floribus
1813 1244 1914 1286 soli-

216 1308 338 1352 tariis
375 1306 628 1350 axillarihus
663 1305 920 1356 latentibus,
956 1303 1248 1357 leguminibus
1281 1302 1420 1344 ovatis
1452 1301 1636 1345 hirsutis
1663 1302 1912 1356 dispermis,

217 1367 371 1410 foliolis
400 1365 608 1419 4-6-jugis
646 1364 883 1406 linearibus
919 1363 1183 1417 stipulisque
1221 1360 1494 1415 glaberrimis
1525 1369 1560 1409 5.
1609 1360 1914 1414 Trayacantlca

219 1424 455 1467 Orientalis
482 1422 728 1465 hwnz’llima
743 1422 879 1475 soliis
917 1421 1040 1464 Vice'ae
1061 1421 1223 1464 Tourn.
1249 1418 1345 1463 Cor.
1375 1421 1442 1462 29.

264 1497 365 1533 Hah.
384 1497 425 1532 in
443 1496 628 1532 Armenia
645 1496 839 1541 (Tournl).

262 1553 484 1600 Specimina
500 1551 609 1587 herb.
627 1551 807 1587 Tournef.
841 1551 994 1598 absque
1011 1550 1105 1586 flore
1122 1552 1160 1586 et
1177 1550 1304 1585 fructu
1321 1559 1400 1585 non
1419 1549 1654 1585 extricanda.

732 1698 1009 1747 ovassopls
1034 1697 1144 1759 (ΒΕ.
1171 1698 1281 1745 Aslr.
1321 1697 1408 1759 24).

280 1825 412 1879 Calyx
449 1823 679 1866 tubulosus
707 1822 775 1863 vel
795 1822 1136 1876 campanulatus.
1173 1822 1319 1864 Petala
1345 1822 1614 1876 longiuscule
1643 1823 1917 1876 unguiculata

222 1885 355 1927 libera
379 1883 571 1925 decidua.
607 1881 824 1923 Vexillum
849 1881 1230 1934 ovato-oblongum
1247 1881 1313 1923 vel
1332 1882 1587 1924 orbiculare.
1622 1880 1777 1924 Carina
1798 1882 1917 1936 apice

222 1944 416 1986 acumine
454 1941 520 1985 vel
557 1951 761 1982 mucrone
801 1939 1049 1982 subdorsali
1087 1943 1230 1982 erecto
1265 1940 1337 1981 vel
1361 1952 1546 1983 recurvo
1573 1941 1916 1995 appendiculata.

222 2002 369 2056 Stylus
397 2000 556 2054 glaber,
581 1999 734 2051 stigma
759 1999 936 2041 nudum.
981 1998 1199 2051 Legumen
1237 1999 1392 2041 sessile
1421 2000 1489 2042 vel
1517 1999 1765 2054 stipitatum
1783 2000 1918 2053 turgi-

222 2061 373 2103 dulum
398 2059 568 2101 bivalve
592 2058 751 2111 saepius
780 2058 1045 2100 uuiloculare
1078 2059 1233 2100 sutura
1258 2060 1416 2101 neutra
1438 2058 1657 2116 septifera,
1678 2059 1822 2101 rarius
1846 2072 1918 2101 su-

220 2121 322 2161 tura
342 2118 523 2160 ventrali
545 2117 765 2159 interdum
789 2117 917 2158 etiam
940 2116 1102 2159 dorsali
1124 2116 1344 2171 septiferis
1368 2117 1477 2160 semi
1495 2118 1562 2159 vel
1588 2117 1833 2160 biloculare.
1861 2142 1919 2147 —

221 2177 377 2220 Herbae
402 2188 631 2231 perenneS,
657 2175 875 2218 interdum
905 2175 1168 2226 suffrutices,
1190 2175 1302 2218 foliis
1328 2176 1374 2218 iu
1402 2177 1565 2218 nostris
1591 2189 1766 2230 semper
1787 2177 1921 2230 impa-

222 2236 463 2290 ripimatis,
490 2235 604 2289 pube
631 2242 805 2288 semper
832 2234 1032 2288 simplici.
1054 2259 1107 2264 ——
1135 2233 1284 2277 Genus
1312 2235 1364 2277 ab
1381 2234 1609 2288 Astrayalt'
1623 2247 1753 2290 grege
1771 2234 1922 2278 Phaccf·

222 2298 265 2338 et
286 2293 589 2348 Hypoylottide
630 2293 775 2336 carina
802 2294 1053 2335 mucronata
1082 2296 1249 2336 lantum
1276 2293 1517 2336 discedens.

659 2443 908 2496 specierum
935 2442 1227 2486 Orientalium·
1244 2443 1488 2497 dispositio.

225 2552 343 2595 Sner.
372 2552 402 2594 I.
432 2552 740 2595 Euoxrrnoris.
772 2551 855 2603 1390
881 2550 925 2593 in
955 2550 1034 2593 litt.
1074 2576 1115 2581 —
1143 2551 1310 2595 Sutura
1338 2551 1546 2595 venti-alis
1572 2552 1799 2605 septifera,
1822 2552 1925 2595 dor-

519 2610 628 2653 salis
651 2609 864 2663 septifera
893 2610 957 2654 cel
978 2610 1111 2652 nuda.

435 2709 453 2726 *
503 2710 680 2747 Acaules.
702 2709 858 2756 stipulae
880 2710 1098 2757 petiolares,
1117 2711 1230 2746 flores
1249 2711 1435 2757 purpurei
1453 2710 1517 2747 vel
1535 2710 1710 2746 violacei.

844 2784 886 2826 -1-
937 2782 1063 2828 Calyx
1080 2782 1303 2818 tuhulosus.

226 2854 267 2892 O.
305 2854 512 2898 Uralenszs,
531 2851 693 2890 Lazz'ecc.

753 2929 794 2970 -4-
847 2929 888 2970 -l-
940 2926 1064 2972 Calyx
1083 2928 1397 2974 campanulalus.
1448 2954 1450 2956 -

225 2997 267 3035 O.
294 2996 475 3043 Aucherz,
490 2997 679 3042 Szovusff,
697 2997 961 3045 chrysocarpa
975 3026 985 3041 ,
1004 2997 1246 3046 lzypsoplza'lcz.
