2065 3236
215 182 294 218 636
942 192 1224 220 LEGUMINOSAE.
1757 187 1922 224 Aeacia.

219 264 328 316 loso,
354 264 611 318 pedunculis
634 265 745 307 infra
766 264 957 308 medium
980 265 1228 317 bracteatis,
1256 265 1473 319 legumine
1496 268 1740 311 tomentoso
1767 267 1923 311 lineari

222 323 444 376 spiraliter
467 326 581 365 torto
615 323 730 366 inter
752 324 916 367 semina
943 325 1175 367 constricto
1210 328 1248 375 5.
1286 323 1341 366 A.
1376 325 1637 378 apirocarpa
1660 338 1753 368 var.
1776 326 1924 369 minor

220 381 451 424 Schweinf.
476 382 521 424 in
548 381 672 424 Linn.
696 384 821 436 1867,
846 396 890 437 p.
922 384 1024 435 323,
1051 383 1137 426 tab.
1165 384 1192 425 4
1219 385 1264 426 et
1288 385 1328 426 6.

228 504 252 539 q
269 457 370 540 fllab.
397 457 438 492 in
460 457 624 493 desertis
641 457 804 505 AEgypti
822 458 1034 505 superioris
1060 459 1111 494 ad
1128 469 1217 495 oras
1239 458 1360 495 maris
1376 458 1502 495 Rubri
1531 459 1666 505 (Schw
1677 461 1714 506 1).
1731 459 1789 496 Fl.
1808 459 1921 497 Mart.

220 529 234 539 Δ
258 515 394 595 ΙΞὲᾘειοῐ·
411 559 522 595 15-50
539 559 702 606 pedalis,
720 559 905 606 legumen
923 560 1163 607 explicatum
1180 560 1460 607 2-6-pollicare.

266 623 330 658 Ar.
369 623 502 669 Geoqr.
530 624 672 668 Nubia,
703 624 919 669 Abyssinia
946 626 984 660 et
1012 624 1147 660 forsan
1177 625 1289 661 India
1318 624 1520 661 orientalis
1553 625 1588 661 si
1616 625 1666 662 A.
1697 626 1924 674 planifmm

218 668 348 705 Walk.
365 671 458 705 Arn.
478 671 554 706 huc
572 672 632 715 (ut
649 670 695 706 cl.
714 671 1006 707 Schweinfurth
1023 673 1261 719 suspicatur)
1279 675 1437 719 spectat.

281 820 319 862 3.
354 819 414 864 A.
439 820 665 864 tortilis
690 820 861 876 (Hayne
887 833 941 863 ex
967 820 1191 864 Schweint'.
1220 821 1246 862 l.
1266 820 1335 863 cit.
1354 832 1394 874 p.
1416 819 1522 875 327)
1549 820 1752 874 arborea,
1780 822 1919 875 spinis

217 878 507 932 stipularibus
534 880 696 933 glabris
732 880 825 922 aliis
852 880 991 933 longis
1019 879 1150 922 rectis
1168 880 1263 922 aliis
1289 880 1609 923 alternantibus
1635 880 1833 934 parvulis
1852 892 1921 923 re-

216 938 381 991 curvis,
419 938 532 981 foliis
562 939 768 992 glabratis
801 939 946 993 pinnis
975 938 1200 993 2-6-jugis,
1226 938 1381 982 foliolis
1409 938 1644 993 5-12-Jugis
1667 939 1922 993 oblongo-li-

218 997 426 1040 nearibus
454 997 783 1048 obtusiusculis,
820 998 978 1052 petiolo
1019 998 1133 1040 infra
1168 998 1338 1051 singula
1366 998 1470 1052 Juga
1505 998 1708 1051 glandula
1746 998 1922 1041 minima

216 1055 445 1110 instructo,
462 1056 719 1110 pedunculis
732 1057 785 1099 ad
797 1057 988 1100 medium
1003 1056 1248 1107 bracteatis.
1268 1056 1484 1111 legumine
1500 1057 1655 1099 lineari
1671 1069 1921 1110 compresso

217 1115 412 1158 toruloso
431 1116 581 1170 glabro
599 1117 868 1170 marginibus
888 1116 1105 1170 parallelis
1133 1116 1232 1170 plus
1256 1116 1401 1159 minus
1428 1116 1649 1170 spiraliter
1668 1118 1781 1158 torto
1808 1120 1846 1166 ᾖ.
1860 1116 1921 1159 ·Α.

220 1173 351 1227 Seyal
373 1188 455 1218 D.c.
481 1173 576 1217 Btli.
604 1188 659 1217 ex
680 1178 804 1230 parte
829 1188 916 1219 non
938 1175 1033 1218 Del.
1055 1200 1106 1205 —-
1125 1175 1175 1218 A.
1212 1174 1441 1217 Radde'ana
1467 1174 1567 1218 Savi
1592 1200 1645 1206 ——-
1663 1174 1701 1217 A
1722 1173 1924 1227 fascicu-

219 1231 311 1274 lata
335 1232 466 1276 Guill.
493 1237 537 1276 et
563 1234 686 1277 Perr.

267 1307 368 1343 Hab.
399 1309 437 1343 in
467 1309 629 1344 desertis
660 1309 819 1356 Libycis
847 1311 885 1345 et
920 1309 1098 1346 Arabicis
1130 1309 1294 1356 AEgypti
1314 1310 1351 1345 et
1368 1308 1472 1345 valle
1498 1308 1670 1345 Nilotica
1688 1309 1737 1345 ad
1755 1309 1924 1355 Syenem

216 1354 417 1438 {Iffhlreptffl
430 1355 492 1448 1331
502 1358 539 1410 Ι),
558 1356 688 1449 lisstore
705 1357 824 1393 maris
841 1357 968 1393 Rubri
983 1358 1033 1393 ad
1051 1357 1212 1393 Kosseir
1230 1356 1409 1402 (Schwl)‚
1427 1356 1573 1392 Arabia
1589 1356 1726 1392 Petrea.
1736 1356 1786 1392 ad
1794 1357 1924 1394 Ouadi

264 1414 285 1438 O
302 1413 339 1438 'a
411 1414 424 1438 )
495 1414 574 1439 OlSS
615 1433 621 1439 .

265 1458 326 1492 Ar.
348 1457 483 1503 Geoqr.
506 1458 649 1503 Nubia,
668 1458 815 1494 Arabia
834 1458 940 1505 felix,
957 1458 1176 1506 Senegalia.

277 1597 316 1637 4.
352 1597 412 1640 A.
438 1595 612 1651 Seyal
639 1596 753 1651 (Del.
778 1596 838 1638 Fl.
863 1597 940 1650 Eg.
971 1610 1011 1651 p.
1037 1598 1137 1650 384,
1162 1597 1246 1640 tab.
1274 1597 1344 1648 52,
1371 1597 1440 1651 fig.
1471 1595 1515 1652 2)
1542 1597 1742 1650 arborea,
1784 1597 1922 1652 spinis

216 1655 427 1708 elongatis
455 1655 586 1697 rectis
610 1655 951 1698 horizontalibus
972 1655 1178 1699 eburneis
1206 1656 1431 1698 rarissime
1454 1656 1663 1699 abortivis
1678 1691 1687 1709 ‚
1708 1656 1821 1699 foliis
1842 1669 1922 1711 pu·

218 1715 384 1757 berulis
407 1715 475 1755 vel
493 1715 700 1767 glabratis
727 1715 874 1769 pinnis
902 1716 1112 1770 3-5·jugis
1133 1715 1290 1758 foliolis
1318 1715 1555 1770 8·12-jugis
1581 1715 1923 1769 oblongo-linea-

216 1773 340 1816 ribus
370 1773 666 1825 acutiusculiS,
690 1775 849 1826 petiolo
883 1775 1102 1817 communi
1132 1775 1498 1828 1-3-glanduloso,
1527 1774 1785 1828 pedunculis
1812 1775 1924 1818 infra

215 1833 408 1875 medium
448 1832 679 1875 bracteatis
714 1833 900 1875 bracteis
933 1833 1141 1886 deciduis,
1168 1833 1460 1887 leguminibus
1487 1833 1649 1887 glabris
1682 1834 1922 1878 linearibus

215 1892 380 1934 falcatis
403 1891 519 1934 inter
546 1892 712 1935 semina
749 1892 996 1935 constrictis
1024 1894 1232 1947 utrinque
1271 1893 1506 1936 attenuatis
1543 1893 1793 1936 acutissime
1823 1905 1924 1936 acu-

215 1951 389 1993 minatis
415 1956 452 2001 5.
482 1950 516 1992 A
545 1950 723 2003 Giraffoe
745 1951 876 2004 Sieb„
899 1952 1073 1994 Hochst.
1099 1965 1186 1995 non
1211 1952 1357 1995 Willd.

262 2027 362 2061 Hal).
382 2026 422 2061 in
435 2025 597 2071 AEgypti
615 2025 827 2071 superioris
846 2024 950 2060 valle
959 2024 1129 2061 Nilotica
1143 2026 1193 2061 ad
1207 2026 1376 2072 Syenem
1386 2028 1424 2061 et
1438 2025 1563 2061 Philae
1576 2025 1674 2071 (Del.
1689 2025 1802 2062 Boiss
1818 2028 1854 2073 l),
1869 2026 1921 2062 ad

209 2074 385 2156 {hfibeffi
396 2073 547 2155 (Btoissl
567 2073 690 2108 Auch.
709 2072 781 2108 959
793 2074 828 2118 Ξ),
843 2072 884 2108 in
902 2082 1022 2118 regno
1038 2072 1208 2109 Mascate
1223 2073 1383 2109 Arabiae
1401 2073 1541 2118 (Auch.
1561 2083 1642 2109 exs.
1660 2073 1754 2110 4570
1771 2074 1847 2120 (ΣΙ).
1862 2073 1919 2110 Fl.

248 2131 267 2157 e
298 2132 325 2156 r.
389 2131 431 2155 ar
451 2148 457 2153 .

260 2180 294 2214 A
315 2178 467 2213 Delileo
487 2180 525 2213 et
539 2177 660 2213 variis
679 2177 906 2213 auctoribus
924 2177 1086 2213 confusa
1105 2188 1194 2213 cum
1217 2177 1266 2213 A.
1279 2177 1405 2214 tortili
1418 2187 1507 2224 quae
1523 2180 1665 2225 praeter
1681 2177 1780 2213 alias
1805 2179 1920 2214 notas

209 2224 409 2272 legumine
432 2225 630 2272 spiraliter
647 2227 823 2260 contorto
843 2225 983 2260 differt.

257 2281 318 2317 Ar.
347 2280 478 2326 Geoqr.
506 2279 648 2325 Nubia,
667 2280 893 2326 Abyssinia‚
919 2279 1136 2326 senegalia,
1156 2279 1303 2315 Arabia
1319 2278 1424 2315 felix.

273 2424 310 2464 5.
347 2421 407 2465 A.
442 2421 934 2476 Bhrenberqiana
967 2420 1139 2476 (Hayne
1172 2432 1225 2462 ex
1252 2419 1390 2462 Schw.
1416 2420 1495 2463 loc.
1517 2421 1586 2463 cit.
1614 2433 1654 2475 p.
1683 2420 1790 2476 353)
1827 2421 1919 2465 fru-

211 2481 364 2533 ticosa,
392 2481 529 2535 spinis
550 2480 784 2534 gracilibus
812 2480 952 2532 longis
983 2480 1113 2522 rectis
1138 2479 1480 2522 horizontalibus
1515 2479 1738 2522 interdum
1774 2481 1921 2532 nullis,

209 2540 323 2583 foliis
353 2540 530 2582 minutis
555 2539 783 2594 puberulis
816 2540 886 2581 vel
913 2539 1120 2592 glabratis
1147 2538 1292 2592 pinnis
1330 2539 1561 2593 l-‘tZ-jugis,
1604 2538 1762 2581 foliolis
1791 2540 1919 2582 8-10-

206 2599 323 2653 jugis
340 2599 520 2641 minutis
547 2598 990 2651 oblongo-linearibus
1013 2598 1196 2647 obtusis,
1225 2596 1381 2651 petiolo
1409 2598 1625 2640 communi
1648 2597 1919 2650 biglandulo-

212 2670 274 2709 so,
298 2657 557 2711 pedunculis
587 2658 699 2699 infra
720 2657 909 2699 medium
929 2657 1158 2699 bracteatis
1179 2656 1365 2698 bracteis
1390 2656 1599 2709 deciduis,
1626 2657 1920 2709 leguminibus

206 2717 373 2770 glabris
402 2716 639 2758 linearibus
667 2716 830 2758 falcatis
868 2715 984 2759 inter
1009 2716 1175 2758 semina
1209 2716 1456 2758 constrictis
1480 2716 1617 2759 acutis
1646 2721 1682 2764 5.
1710 2715 1764 2758 Ic.
1790 2715 1916 2758 Linn.

216 2777 342 2827 1867,
368 2777 455 2818 tab.
485 2777 534 2817 15
557 2778 599 2817 et
630 2776 693 2817 16.
719 2814 723 2815 γ
807 2825 810 2826 ⁷

259 2850 360 2885 Hab.
379 2851 419 2885 in
441 2850 602 2885 desertis
621 2836 782 2896 AEgypti
800 2850 1011 2896 superioris
1031 2852 1066 2885 et
1085 2849 1135 2885 ad
1148 2849 1281 2885 littora
1295 2849 1416 2884 maris
1433 2849 1556 2884 Rubri
1571 2848 1828 2895 (Schweinfl).

258 2907 398 2942 Affinis
416 2907 464 2942 A.
484 2906 605 2953 Scyal
628 2906 698 2941 sed
717 2917 795 2942 non
815 2906 988 2951 arborea,
1008 2906 1103 2942 folia
1120 2906 1340 2952 paucijuga,
1360 2906 1430 2941 etc.

256 2962 319 2997 Ar.
349 2962 482 3006 Geoqr.
509 2961 640 2997 Nubia
657 2962 750 3006 tota,
769 2960 984 3006 Abyssinia
1002 2960 1195 3005 littoralis,
1218 2960 1366 2995 Arabia
1384 2959 1490 2996 felix.
