2045 3227
133 214 247 252 Vz'cz'a.
832 224 1114 251 LEGUMINOSAE.
1754 220 1827 257 593

121 298 241 351 apice
263 295 425 339 retusis
446 296 711 338 mucronatis
730 295 991 348 tridentatiS,
1021 296 1182 350 stipula
1198 297 1334 340 altera
1352 297 1496 340 sessili
1513 298 1666 342 lineari
1684 303 1824 355 acuta,

120 356 255 399 altera
281 356 473 409 stipitata
500 355 717 409 palmatim
734 355 780 396 in
799 356 928 396 12-15
958 355 1132 397 laciuias
1155 360 1346 399 setaceas
1368 357 1542 411 partita,
1563 360 1825 414 pedunculis

122 415 322 458 unissoris
354 414 453 457 folio
475 413 773 466 brevioribus,
809 413 965 466 calycis
995 414 1155 456 corolla
1177 416 1490 458 coerulescente
1520 417 1700 462 dimidio
1727 419 1827 461 bre-

120 474 256 517 vioris
293 473 460 515 laciniis
485 472 957 515 lanceolato-subnlatis
983 473 1224 527 aequalibus
1250 474 1355 517 tubo
1382 474 1675 531 longioribus,
1709 479 1826 531 stylo

120 532 396 576 circumcirca
432 531 628 574 breviter
658 531 887 586 puberulo,
924 532 1142 585 legumine
1178 532 1537 587 oblongo-lineari
1574 548 1828 592 compresso

122 593 393 645 ‘2-4-spermo
419 591 473 632 ad
499 590 666 633 semina
691 589 885 633 toruloso
910 591 1186 643 rectiusculo,
1208 592 1452 635 seminibus
1477 593 1827 650 lenticularibuS,

119 650 205 693 hilo
232 649 590 703 oblongo-lineari
619 653 685 700 Θ.
721 649 760 691 V.
787 649 1049 691 mommtlzos
1075 650 1195 692 Desf.
1236 651 1324 694 Ait.
1366 651 1432 699 ΙΙ,
1470 664 1513 706 p.
1551 656 1647 697 165.
1671 680 1725 684 ——
1743 655 1828 697 La-

123 708 282 763 thyrus
300 708 564 750 monantlzos
588 707 735 750 Willd.
764 707 839 762 Sp.
867 708 941 762 ΙΙΙ,
970 721 1010 762 p.
1046 710 1172 752 1083.

166 783 264 819 Hab.
289 783 331 818 in
348 782 462 818 cultis
480 781 742 829 Peloponnesi
759 784 797 817 et
813 781 955 817 insulae
975 782 1096 829 Cypri
1113 784 1180 827 (ex
1193 784 1348 830 Sibth.).

166 848 227 883 Ar.
252 847 382 892 Geoqr.
408 846 551 882 Insulae
580 837 850 883 Canarienses.
884 846 1026 887 Gallia.
1062 847 1276 884 Germania
1297 849 1441 894 media,
1459 849 1666 898 Hispania,
1701 852 1826 900 Italia,

118 895 330 940 Dalmatia,
350 893 462 940 regio
480 893 727 939 Danubialis,
750 894 878 929 Africa
894 893 1073 929 borealis.

177 1045 248 1087 62.
283 1044 346 1087 V.
373 1043 686 1098 Smyrnaea
699 1043 859 1099 (Boiss.
888 1044 1038 1094 Diajm.
1060 1045 1151 1088 Ser.
1171 1046 1224 1096 ΙΙ,
1246 1048 1284 1099 ⁶2,
1303 1060 1344 1101 p.
1370 1047 1446 1102 38)
1469 1048 1619 1101 glabra
1637 1050 1704 1092 vel
1726 1064 1827 1105 para

120 1104 293 1146 cissime
315 1103 490 1155 hirtula,
514 1103 709 1146 caulibus
733 1103 919 1154 diffusis,
938 1103 1051 1146 foliis
1080 1105 1319 1148 cirrhiferis
1343 1107 1553 1162 6-9-jugis
1580 1109 1734 1152 foliolis
1762 1111 1828 1152 in-

121 1162 329 1205 feriorum
364 1161 707 1216 ovato-oblongis
751 1162 917 1205 caeteris
950 1163 1186 1207 linearibus
1233 1166 1373 1208 acutis
1419 1167 1488 1208 vel
1530 1168 1702 1210 'retusis
1732 1182 1827 1212 mu-

121 1222 310 1264 cronatis
352 1221 614 1275 tridentatis,
662 1221 823 1275 stipula
863 1221 999 1264 altera
1047 1223 1199 1265 lineari
1236 1224 1418 1278 simplici
1455 1225 1591 1268 altera
1632 1228 1825 1282 stipitata

119 1280 339 1335 palmatim
367 1280 867 1330 5-8-setaceo-laciniata,
894 1281 1152 1335 pedunculis
1189 1283 1406 1326 1—02-floris
1432 1286 1699 1328 mucronatis
1727 1287 1827 1330 folio

120 1339 472 1393 subaequilongis,
511 1339 667 1393 calycis
704 1339 863 1382 corolla
901 1341 1217 1384 coerulescente
1244 1343 1374 1396 triplo
1402 1343 1619 1386 brevioris
1657 1345 1825 1388 ¹aciniis

121 1398 594 1441 lanceolato-subulatis
620 1399 859 1452 aequalihus
882 1398 986 1441 tubo
1014 1400 1380 1454 sublongioribus‚
1405 1402 1517 1456 stylo
1545 1403 1825 1447 circumcirca

117 1457 378 1499 brevissime
411 1457 639 1511 puberum,
668 1457 884 1511 legumine
916 1458 1069 1500 lineari
1097 1471 1347 1513 compresso
1383 1462 1655 1515 2-3-spcrmo
1679 1463 1732 1505 ad
1760 1475 1827 1506 se-

118 1517 233 1558 mina
260 1517 456 1559 toruloso
494 1517 687 1570 margine
722 1517 941 1570 superiori
983 1521 1100 1560 recto
1137 1519 1333 1561 inferiori
1363 1524 1556 1572 curvam,
1584 1523 1827 1566 seminibus

119 1575 447 1618 lenticularibus
470 1575 557 1618 hilo
580 1575 762 1629 oblongo
783 1576 906 1618 brevi
928 1580 994 1627 Ε).
1025 1575 1256 1620 Parallosa
1280 1578 1485 1621 dimztlzos
1502 1579 1826 1624 Alef.Oester1·.

117 1633 209 1676 Bot.
238 1634 344 1676 Zeit.
379 1636 505 1688 1861,
530 1647 573 1688 p.
602 1636 700 1677 359.

162 1707 262 1742 Hah.
282 1707 321 1741 in
340 1707 483 1754 pinetis
501 1708 672 1754 regionis
690 1710 900 1753 montanae,
916 1711 1071 1744 montes
1089 1708 1268 1756 Smyrnae
1295 1711 1448 1756 (Boissl
1472 1711 1588 1758 Ball),
1612 1723 1726 1749 mons
1745 1713 1828 1749 Me-

115 1755 233 1846 ῗῧὲἰὸ
253 1755 558 1838 ἓιῖᾨῗῐαῃὲῑειῌεε
585 1755 762 1801 (Boiss,),
797 1755 933 1791 cilicia
958 1756 1158 1792 orientalis
1191 1768 1312 1804 prope
1343 1759 1538 1795 Gorumse
1570 1760 1660 1806 (Ky.
1690 1760 1827 1808 Suppl.

163 1863 302 1899 Affinis
333 1863 370 1899 V.
389 1863 610 1901 monanthoe
626 1874 716 1911 quae
735 1864 864 1900 differt
883 1864 1029 1900 foliolis
1048 1865 1253 1911 elongatis,
1272 1867 1496 1914 pedunculo
1516 1879 1670 1916 semper
1689 1871 1829 1906 unisso-

116 1920 170 1954 ro,
189 1910 346 1957 stipulis
364 1912 405 1946 in
423 1912 534 1947 12-15
553 1911 716 1947 lacinias
743 1911 961 1957 multifidis,
976 1913 1109 1958 calyce
1125 1914 1315 1949 corollam
1334 1915 1542 1951 dimidiam
1561 1921 1754 1964 aequante,
1772 1918 1828 1954 le-

116 1958 275 2004 gumine
294 1958 318 1994 3
339 1959 379 2004 ¹l2
399 1969 469 1995 nec
485 1959 509 1995 2
529 1959 570 2004 ²l2
589 1959 714 1995 lineas
732 1959 822 2004 lato,
841 1960 989 1996 semine
1007 1960 1129 2006 duplo
1148 1962 1299 2007 majori.

175 2110 245 2151 63.
283 2108 346 2151 V.
378 2107 607 2151 ciliaris
633 2107 790 2163 (Sibth.
819 2110 862 2150 et
888 2106 976 2149 Sm.
1016 2108 1078 2150 Fl.
1116 2107 1253 2151 Graec.
1284 2109 1379 2161 Vll,
1407 2123 1448 2164 p.
1472 2112 1555 2162 87,
1596 2112 1681 2153 tab.
1722 2113 1828 2168 700)

115 2180 257 2210 annua
286 2167 433 2221 glabra
461 2167 632 2219 diffusa,
663 2167 774 2209 foliis
802 2166 1041 2209 cirrhiferis
1074 2168 1282 2221 7-9-jugis
1316 2169 1475 2212 foliolis
1507 2172 1703 2214 cuneatis
1727 2172 1827 2214 bre-

115 2227 229 2268 viter
256 2225 701 2279 oblongo-linearibus
724 2226 887 2269 retusis
915 2227 1194 2279 mucronatis,
1223 2227 1398 2281 stipulis
1417 2229 1530 2271 binis
1550 2230 1757 2283 silpitatis
1779 2230 1826 2273 in

115 2286 288 2328 lacinias
316 2289 507 2327 setaceas
530 2285 843 2339 multipartitis,
880 2285 1136 2338 pedunculis
1170 2286 1370 2328 unissoris
1407 2288 1505 2330 folio
1534 2288 1825 2344 sublongiori-

115 2344 196 2387 bns
221 2345 340 2399 apice
370 2345 637 2398 longiuscule
658 2344 869 2395 aristatis,
895 2344 1051 2398 calycis
1075 2344 1239 2387 laciniis
1273 2346 1489 2389 simulatis
1518 2342 1825 2401 superioribus

117 2403 408 2456 brevioribus,
436 2404 594 2445 corolla
621 2403 811 2444 coerulea
837 2403 980 2456 calyce
1014 2404 1228 2457 subtriplo
1255 2404 1465 2458 longiore,
1505 2406 1721 2460 legumine
1749 2408 1830 2450 sti—

118 2464 251 2517 pitato
278 2462 516 2505 lanceolato
540 2461 805 2504 rectiusculo
828 2461 1048 2515 dispermo
1079 2463 1142 2509 O.

164 2536 264 2571 Hah.
287 2536 328 2571 in
357 2536 451 2571 Asia
471 2535 620 2570 minore
637 2535 807 2580 (Sibth.)
826 2535 915 2570 Non
937 2535 1028 2570 vidi.

161 2598 301 2634 Planta
315 2609 361 2634 ex
378 2599 594 2645 Sibthorpii
609 2598 852 2645 temporibus
870 2609 948 2633 non
967 2599 1076 2639 lecta,
1108 2598 1143 2634 V.
1159 2599 1388 2636 monamlzre
1402 2602 1439 2636 et
1454 2600 1611 2648 Cypria?
1623 2601 1764 2646 affinis,
1775 2602 1830 2638 ab

119 2646 174 2681 eis
190 2656 238 2681 ex
258 2646 367 2681 icone
388 2648 425 2681 et
443 2647 567 2681 deseri
583 2647 703 2682 itione
722 2645 877 2692 stipulis
893 2646 1170 2691 conformibus,
1190 2647 1335 2692 calycis
1353 2648 1538 2683 dentibus
1558 2648 1826 2694 inaequalihus

118 2693 284 2732 diversa,
306 2693 375 2729 sed
395 2694 541 2740 species
588 2694 681 2728 uhia
699 2703 790 2728 nam
810 2693 1006 2738 specimen
1025 2693 1101 2728 sub
1120 2693 1193 2728 hoc
1213 2695 1370 2729 nomine
1391 2696 1428 2729 in
1450 2695 1632 2731 herbario
1647 2696 1825 2731 Sihthor-

118 2741 234 2786 piano
263 2740 411 2787 stipula
441 2741 565 2777 altera
594 2740 735 2776 lineari
764 2740 936 2775 indivisa
963 2741 1151 2775 donatum
1176 2741 1224 2775 ad
1262 2740 1299 2775 V.
1323 2742 1557 2778 monantlzos
1578 2743 1824 2778 referendum

117 2789 190 2825 est!

177 2935 248 2976 64.
285 2935 348 2977 V.
384 2935 602 2990 Cypria
628 2936 731 2989 (ΚΥ.
764 2934 879 2977 Insel
904 2933 1032 2988 Cypr.
1062 2947 1104 2987 p.
1133 2934 1238 2988 381)
1265 2947 1405 2977 annua
1434 2936 1600 2989 glabra,
1628 2937 1823 2981 caulibus

116 2993 381 3036 abbreviatis
409 2995 595 3047 diffusis,
634 2993 747 3036 soliis
781 2993 1019 3036 cirrhiforis
1060 2994 1260 3047 i-G-jugis
1292 2994 1446 3037 foliolis
1475 2996 1670 3038 obox’afis
1700 3000 1824 3039 trun—

1560 3068 1608 3104 38
