1994 3211
131 194 201 230 904
826 206 1131 233 UMBELLIFERAE.
1503 199 1826 249 Clam-opltyllum.

131 278 299 321 eiliatis.
323 278 477 332 petaHs
505 279 610 321 albis
634 280 792 332 glabris
814 280 885 322 vix
915 281 1197 335 radiantibus,
1221 283 1363 326 fructu
1390 283 1602 340 (juniore)
1634 285 1827 329 breviter

131 336 296 388 lineari,
332 338 587 390 stylopodiis
615 338 1023 382 mamillari-eonieis
1065 341 1189 394 stylis
1223 343 1352 384 reetis
1379 344 1441 386 eis
1470 345 1825 398 sublongioribus

131 395 352 448 superatis
372 396 440 450 (ᾖ

177 468 277 504 Hab.
297 470 335 504 in
354 469 461 505 valle
479 469 688 516 subalpina
708 471 844 517 Djimil
862 472 976 507 Ponti
994 472 1119 508 Laziei
1138 473 1203 508 alt.
1224 473 1329 509 6000’
1348 474 1484 520 (Ball).
1502 476 1558 511 Fl.
1577 476 1652 512 Jul.

178 535 468 581 Sesquipedale,
481 536 576 571 folia
594 537 777 572 inferiora
795 538 871 573 fere
892 537 928 573 C.
948 539 1094 583 tomuli,
1114 540 1180 574 sed
1199 540 1334 586 petioli
1348 541 1565 576 secundarii
1579 542 1774 588 longiores
1789 546 1827 579 et

130 585 331 626 segmenta
348 583 543 628 pauciora,
561 584 659 618 radii
674 585 890 630 inaequales
907 586 967 620 1-1
988 587 1029 630 ¹s2
1050 586 1267 632 pollicem-es.
1287 589 1321 623 A
1341 587 1377 623 C.
1396 587 1549 624 bulboso
1567 592 1603 624 et
1621 589 1830 627 Prescottz'z·

129 628 370 665 involucello
382 630 525 672 eiliato,
542 642 565 666 a
582 630 618 666 C.
634 632 773 667 crlnito
788 632 903 677 foliis,
922 633 1153 679 stylopodiis
1172 634 1470 681 immarginatis,
1490 639 1569 681 ete,
1587 637 1825 673 distinctum.

187 782 225 822 S.
263 781 317 824 C..
345 781 632 826 crinitum
661 781 823 837 (Boiss.
853 783 966 825 Anu.
996 782 1062 824 Se.
1090 783 1185 826 Nat.
1208 787 1333 836 1844,
1362 799 1402 839 p.
1423 785 1499 840 63)
1527 786 1698 840 bienne‚
1725 788 1824 841 pilis

126 839 263 892 longis
287 841 395 882 albis
417 841 649 894 hispidum,
676 842 819 884 radice
849 843 1067 889 tuberosa,
1096 844 1206 886 foliis
1227 845 1391 887 ambitu
1417 848 1563 897 parvis
1582 847 1626 888 in
1645 846 1820 890 lacinias

125 897 491 941 lineari-setaceas
513 899 670 942 breves
696 900 1012 955 deeoinpesitiS,
1037 902 1285 945 involueelli
1306 904 1465 957 phyllis
1491 906 1628 947 ovatis
1655 918 1826 949 muero-

125 958 236 999 natis
265 958 416 1000 eiliatis
439 959 794 1011 membranaceis,
822 960 976 1014 petalis
1003 961 1112 1004 albis
1140 962 1300 1015 glabris
1335 963 1626 1006 exterioribus
1653 964 1824 1006 radian-

123 1015 254 1067 tibus,
282 1017 426 1059 fructu
449 1017 597 1070 glabro
624 1018 778 1060 lineari
811 1019 1020 1073 perheello
1053 1020 1181 1074 triplo
1221 1021 1421 1064 breviore
1459 1022 1697 1065 incrassato
1737 1023 1824 1065 suf-

126 1074 244 1126 fulto,
269 1076 524 1129 styloposliis
553 1078 710 1119 eonieis
737 1078 986 1132 marginatis
1012 1078 1057 1121 in
1094 1080 1231 1134 stylos
1261 1084 1427 1123 erectos
1460 1081 1735 1136 divergentes
1761 1082 1824 1125 eis

125 1133 256 1187 duplo
286 1135 498 1188 longiores
523 1136 757 1179 attenuatis
783 1137 852 1192 ῥῷ.

173 1207 274 1243 Hab.
294 1208 334 1242 in
354 1208 509 1254 alpibus
525 1209 696 1245 Savalan
716 1221 825 1256 prov.
847 1211 995 1246 Ghilan
1013 1211 1154 1247 Persiae
1179 1212 1261 1247 bor.
1292 1213 1432 1257 (Auch.
1459 1213 1596 1260 46171),
1623 1215 1823 1250 montibus

126 1265 236 1300 prov.
258 1255 486 1291 Khorassan
506 1256 649 1302 (Bgel).
672 1257 712 1292 in
731 1269 839 1304 prov.
862 1258 1074 1305 Karabagh
1098 1270 1219 1306 prope
1245 1260 1476 1296 Tassakend
1495 1261 1674 1306 (Buhse),
1694 1262 1732 1297 in
1752 1262 1822 1297 du-

124 1302 244 1336 mosis
263 1303 406 1338 Persiae
425 1304 543 1338 oceiil.
565 1304 615 1339 ad
637 1304 788 1341 Boriler
805 1306 869 1341 alt.
887 1306 991 1342 8000'
1012 1306 1235 1352 (Haussk!),
1256 1307 1294 1343 in
1316 1307 1563 1354 Cappadocia
1579 1309 1629 1344 ad
1647 1309 1823 1356 Euphra-

124 1351 203 1383 tem
223 1350 361 1393 (Aueh.
379 1350 511 1396 36101).

168 1413 309 1449 Pedale
329 1415 391 1450 vel
410 1415 693 1461 sesquipedale,
712 1417 941 1453 umbellulae
970 1429 1114 1464 parvae,
1144 1419 1290 1455 fruetus
1317 1430 1386 1455 sex
1410 1419 1534 1455 lineas
1553 1420 1696 1466 longus
1713 1421 1820 1468 pedi-

119 1460 217 1495 cello
255 1462 545 1498 subinerassato
576 1467 616 1498 ut
635 1465 674 1498 in
704 1463 1047 1501 Grammosez'adz'o
1078 1466 1260 1501 suffultus
1279 1467 1346 1502 sed
1364 1467 1499 1503 dentes
1518 1467 1685 1513 ealyeini
1706 1468 1820 1504 nulli.

122 1507 276 1553 Species
295 1520 316 1544 a
337 1508 374 1544 C.
394 1508 544 1545 bulboso
564 1513 601 1545 et
621 1511 799 1556 inprimis
826 1523 848 1547 a
877 1512 914 1548 C.
934 1513 1143 1549 Preseottz'z‘
1165 1514 1349 1549 foliorum
1379 1514 1577 1550 minorum
1595 1515 1747 1551 laciniis
1765 1518 1821 1551 te-

122 1555 341 1601 nuioribus,
362 1556 609 1592 involueellis
628 1558 767 1593 eiliatis
783 1570 852 1595 nec
871 1559 1130 1606 glaberrimis,
1149 1564 1229 1607 ete,
1245 1561 1439 1597 distincta.

182 1712 221 1752 9.
257 1712 307 1756 C.
335 1711 645 1767 Syriacum
697 1715 896 1770 (Hempr.
949 1719 991 1758 et
1032 1716 1217 1758 Ehrenb.
1261 1716 1305 1758 in
1353 1718 1472 1759 herb.
1508 1717 1611 1770 Reg.
1656 1717 1820 1773 Berel.)

122 1769 291 1823 bienne,
324 1773 476 1814 setulis
503 1774 710 1816 brevibus
740 1775 849 1817 albis
887 1775 1062 1826 hirtum,
1100 1775 1244 1818 radice
1273 1777 1488 1827 tuberosa,
1516 1777 1630 1820 foliis
1657 1778 1820 1820 ambitu

121 1829 572 1883 oblongo-lanceolatis
600 1833 943 1887 bipinnatiseetis
979 1835 1213 1887 segmentis
1239 1838 1384 1889 parvis
1412 1836 1549 1878 ovatis
1572 1837 1616 1878 in
1644 1837 1819 1879 lacinias

117 1890 475 1942 ex3ate-el)longas
514 1892 702 1934 minutas
740 1894 1061 1936 obtusiuseulas
1089 1894 1273 1947 partitis,
1307 1895 1428 1937 caule
1458 1896 1652 1939 flexuoso
1677 1909 1699 1937 a
1726 1896 1820 1938 basi

118 1958 290 1990 ramoso
314 1950 581 2002 eorymboso,
605 1952 848 1994 involueelli
874 1953 1032 2007 phyllis
1060 1954 1254 2007 oblongis
1289 1955 1440 1996 eiliatis
1466 1955 1659 2008 margine
1686 1967 1819 1996 mem-

118 2005 354 2057 branaceis,
383 2010 535 2062 petalis
565 2010 672 2052 albis
705 2011 867 2063 glabris
905 2012 1194 2055 exterioribus
1221 2013 1504 2064 radiantibus,
1530 2014 1673 2056 fructu
1699 2014 1811 2056 hirto

116 2063 268 2107 lineari
301 2068 509 2121 pedieello
550 2069 787 2112 incrassato
823 2071 950 2125 triplo
987 2071 1201 2124 breviore,
1231 2072 1490 2126 stylopodiis
1513 2073 1815 2126 depresso-eo-

116 2123 223 2166 nieis
250 2127 500 2179 marginatis
526 2127 568 2169 in
597 2130 734 2182 stylos
759 2130 920 2183 rigidos
940 2130 1215 2184 divergentes
1240 2133 1302 2173 eis
1330 2131 1576 2185 quadruplo
1599 2133 1814 2185 longiores

117 2185 352 2227 attenuatis
374 2186 444 2240 Θ.

162 2255 262 2292 Hab.
281 2258 320 2293 in
340 2258 490 2295 Libano
509 2259 556 2295 ad
575 2260 666 2296 Gisr
680 2260 715 2295 el
734 2260 858 2307 Hajar
875 2261 1065 2305 (Ehrenbl
1085 2263 1124 2297 in
1142 2263 1250 2299 herb.
1268 2262 1428 2308 Bel-eL).

162 2317 314 2363 Pedale,
333 2322 520 2358 umbellae
537 2322 780 2358 7—9-1·adiatae
799 2325 917 2360 radiis
936 2325 1065 2370 longis
1084 2325 1346 2372 inaequalibus
1362 2327 1540 2372 arcuatis,
1563 2327 1709 2362 fructus
1726 2338 1815 2363 eum

116 2366 232 2410 stylis
252 2378 323 2403 sex
340 2369 463 2405 lineas
482 2370 636 2415 longus.
655 2371 780 2406 Affine
809 2371 846 2408 C.
875 2372 1012 2408 crinito
1046 2373 1112 2408 sed
1136 2373 1412 2409 indumentum
1444 2373 1562 2409 breve
1586 2375 1814 2420 setulosum,

115 2413 210 2468 folia
229 2417 353 2460 magis
370 2417 554 2463 elongata
581 2417 733 2453 laciniis
760 2417 966 2454 latioribus
998 2420 1246 2455 brevioribus
1273 2421 1434 2466 obtusis,
1462 2421 1555 2467 styli
1580 2422 1701 2468 duplo
1729 2422 1816 2457 lon-

115 2470 256 2506 giores.

176 2613 239 2653 10.
275 2612 327 2656 C.
363 2614 788 2669 macropodum
816 2616 976 2670 (Beiss.
1008 2617 1120 2659 Ann.
1151 2617 1215 2659 Se.
1242 2616 1337 2659 Nat.
1368 2619 1496 2667 1844,
1526 2631 1566 2672 p.
1592 2618 1670 2673 64)
1691 2620 1812 2662 caule

109 2670 224 2711 elato
261 2673 386 2714 tereti
421 2684 611 2726 superne
654 2675 949 2717 ramosissimo
983 2677 1238 2729 corymboso
1279 2677 1425 2730 patule
1461 2678 1660 2730 strigoso,
1700 2678 1812 2721 feliis

113 2729 275 2772 ambitu
318 2731 510 2785 oblongis
551 2735 741 2776 tomento
786 2734 920 2776 denso
957 2734 1100 2787 griseo
1142 2735 1260 2777 canis
1298 2736 1341 2777 in
1371 2736 1585 2778 *laeinulas
1613 2737 1812 2780 minimas

112 2792 263 2831 ovatas
291 2791 503 2833 consertas
543 2792 1000 2846 supradeeempositis,
1033 2794 1234 2836 umbellis
1269 2795 1393 2847 longe
1428 2795 1604 2837 radiatis
1649 2795 1811 2838 umbel-

116 2846 304 2901 lulisque
332 2849 505 2892 demum
533 2854 679 2892 eentro
706 2852 894 2902 nodosis,
923 2853 1171 2895 involueelli
1195 2853 1353 2907 phyllis
1379 2855 1516 2895 evatis
1542 2854 1677 2896 aeutis
1697 2858 1814 2897 setu-

116 2904 233 2954 losis,
257 2909 410 2960 petalis
434 2909 541 2951 albis
565 2910 834 2952 radiantibus
862 2916 1021 2964 praeter
1045 2912 1207 2954 setulas
1233 2924 1389 2966 paucas
1427 2925 1603 2966 sparsas
1636 2913 1813 2966 glabris,

115 2964 337 3015 pedieellis
365 2967 599 3010 fructiferis
627 2969 832 3011 stellatim
857 2970 1104 3023 patentibus
1131 2971 1276 3014 fructu
1299 2972 1515 3026 aequilatis
1551 2975 1593 3014 et
1632 2984 1682 3014 eo
1721 2972 1815 3014 lon-
