2065 3236
253 208 324 245 404
889 207 1166 234 LEGUMINOSAE.
1264 195 1508 243 Astraqalus
1525 194 1637 240 (LIV.
1655 194 1952 241 Halicacabus).

300 302 407 339 Folia
419 298 657 346 4-5-pollices
667 297 796 341 longa,
810 295 942 331 foliola
963 293 1140 329 lateralia
1153 292 1218 329 7-8
1230 293 1354 328 lineas
1366 291 1570 327 terminale
1581 290 1763 338 pollicem
1775 291 1953 339 longum,

255 360 396 395 scapus
415 358 482 383 sex
502 346 672 392 pollices,
690 353 866 378 racemus
883 342 906 377 2
921 341 1081 387 pollices
1099 340 1218 386 longi.
1247 339 1376 385 Calyx
1403 339 1576 374 fructifer
1603 338 1627 374 9
1652 338 1777 373 lineas
1798 338 1957 388 longus,

254 396 443 432 vexillum
462 395 484 429 9
502 394 636 436 linezm,
666 390 796 426 carina
815 390 838 424 8
856 389 986 433 longa.
1006 387 1168 423 Foliolis
1187 386 1322 433 paucis
1347 386 1503 431 magnis
1527 387 1568 421 in
1586 385 1755 421 sectione
1771 386 1952 432 insignis·

325 526 343 543 ²*
393 524 411 542 *
460 523 609 559 Virides
628 522 702 557 sub
724 521 826 556 lente
843 520 1069 567 parcissime
1086 520 1124 554 et
1140 516 1437 564 adpressissime
1459 515 1621 552 setulosi
1647 516 1712 552 vel
1739 516 1879 562 glabri.

314 609 410 650 504.
445 606 503 647 A.
536 601 968 656 dictyophysus
995 600 1143 655 (Reut.
1171 598 1273 641 Mss.
1293 623 1344 628 —
1364 598 1465 651 Bge.
1501 598 1621 640 Astr.
1649 610 1690 652 p.
1723 597 1826 653 124)
1850 599 1958 641 sub-

255 666 426 717 acauHs,
444 663 593 705 viridis
609 661 706 714 pilis
725 660 890 713 sparsis
913 657 1260 713 adpressissimis
1284 656 1492 700 brevibus
1518 657 1753 709 setulosus,
1778 657 1959 701 caudice

254 737 399 768 crasso
430 723 592 775 lignoso
621 719 741 761 brevi
772 718 967 772 reliquiis
997 717 1255 772 petiolorum
1288 714 1447 769 obsito,
1477 715 1651 769 stipulis
1680 715 1843 758 strictis
1878 729 1959 758 an·-

253 788 378 838 guste
410 780 655 824 lanceolatis
698 777 1020 819 nervosissinlis
1047 776 1227 826 ciliatis,
1260 772 1417 817 foliolis
1452 774 1765 817 remotiuscule
1807 776 1956 817 17-20-

248 843 363 897 jug1s
399 836 796 882 ovato-orbiculatis
838 836 1017 886 obtusis,
1065 846 1192 888 scapo
1236 846 1331 876 cum
1369 845 1537 876 racemo
1570 834 1665 876 laxo
1715 833 1826 876 foliis
1879 834 1953 876 vix

254 901 465 954 longiore,
500 896 683 939 bracteis
713 895 907 948 oblongis
957 893 1255 948 nigro-ciliatis
1302 894 1445 946 calyce
1494 893 1628 935 multo
1662 892 1952 945 brevioribus,

253 959 479 1001 bracteolis
507 954 750 1003 lanceolatis
770 954 1054 1005 brevissimis,
1082 953 1225 1006 calyce
1258 952 1450 994 florifero
1471 951 1674 994 tubuloso
1702 952 1854 994 setulis
1881 951 1961 993 ad-

254 1017 543 1072 p1·essis.<imis
567 1014 674 1056 albis
697 1018 739 1054 et
759 1013 894 1066 nigris
920 1013 1059 1055 obsito
1086 1010 1655 1064 dentibustriangularibus
1679 1010 1960 1053 brevissimis-

253 1074 561 1130 nigro-ciliatis5
576 1072 795 1115 fructifero
814 1072 960 1114 inflato
972 1071 1148 1124 globoso
1161 1070 1330 1112 rubello
1344 1070 1459 1112 inter
1471 1069 1702 1112 reticulum
1716 1080 1954 1111 nervorum

254 1136 501 1185 tenerrimo,
530 1131 674 1175 vexilli
701 1131 857 1175 lamina
874 1133 999 1173 ovata
1018 1132 1166 1172 retusa
1194 1129 1276 1171 late
1297 1133 1340 1171 et
1356 1129 1511 1172 obtuse
1529 1129 1782 1180 auriculam,
1805 1127 1954 1171 ovario

255 1194 445 1236 breviter
467 1192 679 1245 stipitato.
699 1221 709 1230 .
761 1222 798 1230 ..
836 1197 893 1237 26.

300 1269 398 1304 Hab.
419 1270 455 1303 in
480 1268 636 1313 regione
656 1267 842 1302 montana
859 1261 973 1301 Ponti
990 1263 1251 1300 Polemoniaci
1271 1263 1372 1299 inter
1389 1273 1533 1311 pagum
1558 1262 1773 1299 Tchavdak
1792 1264 1830 1297 et
1843 1261 1955 1308 oppi-

254 1317 390 1352 dulum
410 1316 652 1351 Kuleibissar
670 1313 810 1359 (chih
825 1314 861 1357 l).

298 1380 408 1416 Folia
428 1378 602 1425 S-ss-poll.
622 1378 750 1423 longa,
770 1376 906 1411 foliola
923 1375 946 1411 2
964 1375 1031 1410 lin.
1050 1375 1179 1420 longa,
1197 1384 1373 1409 racemus
1392 1373 1650 1417 10-*15-ssorus‚
1673 1373 1792 1419 calyx
1809 1372 1956 1408 florifer

251 1429 273 1463 4
291 1428 414 1463 lineas
433 1426 604 1461 fructifer
620 1425 642 1461 5
663 1426 702 1468 ¹s2
725 1424 886 1469 longus3
913 1423 1060 1469 species
1084 1422 1313 1457 indumento
1339 1421 1512 1457 setuloso
1548 1421 1597 1456 ad
1611 1420 1848 1456 )ressissimo
1868 1429 1960 1455 raro

251 1475 416 1520 insignis
445 1476 482 1509 et
514 1473 586 1509 hac
620 1474 711 1508 nota
743 1471 928 1506 accedens
963 1470 1012 1505 ad
1046 1469 1094 1505 A.
1122 1468 1398 1505 halicacabum
1417 1479 1439 1504 a
1460 1478 1537 1515 quo
1555 1432 1672 1513 foliis,
1693 1470 1773 1513 etc,
1791 1467 1959 1503 omnino

253 1522 390 1558 differt.

313 1664 409 1704 505.
443 1661 504 1703 Α.
531 1659 912 1703 halicacabus
941 1659 958 1706 (
964 1657 1078 1700 Lam.
1112 1658 1221 1701 Dict.
1245 1658 1277 1710 Ι,
1303 1671 1341 1712 p.
1366 1656 1471 1712 220)
1497 1656 1674 1703 acaulis.
1702 1658 1864 1710 praeter
1891 1668 1961 1699 se-

253 1723 366 1765 tulas
405 1721 636 1773 adpressas
678 1719 952 1772 parcissimas
992 1719 1061 1760 vel
1101 1719 1244 1761 nullas
1283 1717 1451 1771 glaber.
1495 1715 1669 1769 stipulis
1711 1716 1962 1758 lanceolatis·

250 1780 449 1823 nervosis
475 1778 672 1820 ciliatulis
695 1778 869 1828 strictis,
894 1777 1049 1819 foliolis
1069 1782 1234 1820 remote
1257 1774 1524 1829 10-15-jugis
1545 1774 1792 1817 lanceolatis
1808 1774 1851 1817 in
1871 1775 1965 1828 spi-

250 1840 395 1882 nulam
436 1838 682 1881 attenuatis.
712 1849 839 1891 scapo
875 1837 987 1878 foliis
1023 1837 1274 1891 aequilongo
1304 1836 1370 1878 vel
1408 1834 1610 1876 breviore
1650 1834 1693 1876 in
1738 1846 1959 1877 racemum

249 1900 392 1941 laxum
427 1898 632 1948 abeunte,
676 1896 859 1938 bracteis
885 1895 1207 1950 bracteolisque
1235 1893 1637 1937 ovato-acuminatis
1668 1892 1957 1945 brevissimis,

249 1959 390 2010 calyce
426 1956 617 1997 breviter
643 1958 685 1997 et
708 1955 916 2008 adpresse
941 1956 1023 1997 sub
1053 1955 1166 1997 lente
1195 1955 1385 1997 setuloso
1422 1952 1612 1994 florifero
1640 1951 1846 1994 tubuloso
1882 1963 1962 1994 ore

248 2016 479 2059 constricto
496 2014 698 2056 dentibus
717 2014 973 2056 brevissime
995 2013 1336 2067 triangularibus
1362 2011 1585 2054 fructifero
1612 2009 1958 2064 inflato-globoso

250 2075 696 2129 reticulato-nervoso,
728 2073 873 2115 vexilli
907 2074 1049 2127 calyce
1086 2073 1216 2126 duplo
1252 2071 1457 2125 longioris
1499 2070 1588 2112 alas
1632 2070 1777 2112 carina
1821 2070 1964 2112 multo*

245 2134 461 2187 longiores
489 2131 821 2185 subsuperantis
854 2132 1012 2174 lamina
1044 2131 1373 2183 ovato-oblonga
1409 2131 1554 2171 retusa
1594 2129 1685 2171 basi
1720 2130 1959 2181 attenuata,

246 2193 460 2246 legumine
482 2191 662 2244 oblongo
688 2203 935 2245 compresso
958 2191 1105 2244 glabro
1138 2195 1391 2233 transverse
1426 2189 1652 2231 reticulato
1687 2187 1776 2230 basi
1810 2188 1850 2229 in
1881 2187 1958 2229 sti-

246 2252 378 2305 pitem
421 2251 594 2303 longum
641 2250 759 2304 apice
799 2250 844 2292 in
885 2262 1137 2292 mucronem
1178 2252 1399 2292 attenuato
1451 2254 1509 2296 26.
1547 2247 1694 2289 Phara
1737 2245 1955 2288 vesicarz'a

249 2310 426 2352 Schreb.
454 2310 554 2351 Dec.
584 2322 623 2363 p.
648 2311 687 2357 5,
710 2308 793 2350 tab.
827 2310 865 2351 3.

250 2431 257 2437 .
295 2383 393 2466 {ab
415 2383 454 2466 igi
474 2383 660 2475 ἓτῐῑέεἷιίῐι
678 2383 876 2428 (Tournl)⁷
895 2393 1014 2430 prope
1029 2383 1215 2419 Erzerum
1228 2382 1344 2428 (Calv
1357 2384 1393 2427 ἔ),
1413 2381 1454 2416 in
1478 2384 1610 2416 monte
1627 2382 1769 2416 Ararat
1789 2379 1936 2424 (Wagn
1954 2406 1959 2412 .

248 2441 287 2466 m
340 2441 414 2465 rise
447 2459 453 2465 .
506 2441 546 2465 er
577 2458 582 2463 .
607 2459 613 2465 .

293 2493 405 2529 Folia
417 2493 670 2540 5-6-pollices.
685 2493 823 2529 foliola
838 2493 983 2530 4-51111.
999 2493 1120 2540 longa
1137 2494 1198 2529 1-1
1215 2493 1256 2539 ¹l2
1268 2493 1336 2528 lin.
1349 2492 1439 2535 lata,
1450 2492 1567 2538 calyx
1583 2491 1607 2527 5
1619 2491 1660 2535 Ἀ
1673 2490 1812 2535 lineas,
1831 2489 1960 2525 vexil-

246 2540 329 2576 lum
356 2542 398 2576 11
419 2541 545 2576 lineas
565 2540 740 2586 longum.

306 2684 402 2723 506.
437 2682 497 2725 A.
517 2682 762 2726 mesites
789 2682 949 2737 (Boiss.
975 2685 1017 2725 et
1042 2682 1186 2725 Bubse
1204 2682 1327 2724 Aufz.
1354 2694 1393 2735 p.
1422 2680 1498 2735 66)
1523 2677 1786 2729 subacaulis.
1803 2676 1960 2718 ,vlridis

246 2753 374 2795 parce
397 2744 439 2783 et
462 2741 796 2794 adpressissime
833 2742 1078 2792 setulosus,
1105 2741 1356 2783 caudicibus
1384 2738 1659 2782 brevissimis
1682 2736 1856 2791 petiolis
1890 2747 1961 2777 vc-

251 2801 378 2841 tustis
405 2800 584 2849 Obsius,
622 2800 795 2853 stipulis
822 2798 1069 2844 lanceolatis
1107 2800 1363 2842 acuminatis
1400 2796 1731 2841 nervosissimis
1757 2794 1961 2837 ciliatulis

250 2859 425 2901 sirii-lis.
450 2859 604 2900 foliolis
627 2863 792 2901 remote
820 2860 1086 2914 15-20-jugis
1114 2856 1569 2912 oblongo-lanceolatis
1597 2855 1747 2908 rigidis
1768 2854 1969 2908 spinulo-

250 2918 323 2958 sis.
349 2930 474 2970 scapo
502 2930 599 2959 cum
626 2930 793 2960 racemo
816 2918 1055 2961 laxiusculo
1084 2918 1181 2960 folia
1208 2920 1407 2971 aequante
1435 2917 1503 2958 vel
1530 2914 1747 2964 breviore,
1771 2912 1960 2955 bracteis

250 2975 565 3030 bracteobsque
596 2976 789 3030 oblongis
810 2977 1065 3020 acuminatis
1084 2976 1371 3030 nigro-hirtis,
1399 2976 1543 3030 calyce
1570 2973 1763 3016 breviter
1788 2975 1830 3014 et
1857 2970 1965 3014 sub-
