2045 3227
133 193 341 240 Chesneya.
843 200 1118 226 LEGUnssNOSAE.
1753 187 1819 231 201

130 274 286 328 calycis
329 273 455 315 dente
492 273 700 315 inferiore
739 271 987 314 lateralibus
1023 272 1154 325 duplo
1196 271 1410 320 breviore,
1448 269 1605 311 corolla
1644 268 1821 311 flavido-

131 333 391 375 violascente
414 332 555 385 calyce
588 331 804 384 subduplo
833 331 1039 383 longiore,
1072 330 1361 384 leguminibus
1388 328 1512 370 hirtis
1544 327 1820 380 acutissimis,

130 391 368 434 seminibus
390 389 837 443 alveolato-depressis
864 389 1372 441 tuberculato-rugulosis
1400 393 1436 435 5-

179 464 280 500 Hah.
308 464 349 498 in
378 464 520 499 Persiae
549 463 740 509 lapidosis
767 463 962 497 montanis
994 462 1041 497 ad
1072 462 1214 507 Agbda
1236 464 1272 497 et
1299 462 1390 496 Ssof
1412 460 1558 505 (Bgel),
1585 459 1634 494 ad
1651 459 1821 505 Ispahan

129 512 368 594 {ffuffilffiexs
386 510 498 546 4432!
521 510 651 555 Egel),
669 510 707 544 in
723 509 854 545 Persia
872 509 1052 544 orientali
1078 511 1127 544 ad
1153 509 1309 544 Rischm
1335 512 1372 543 et
1395 507 1594 553 Djendack
1624 506 1819 550 (Bnhsel).

177 623 310 658 Flores
329 622 375 658 10
391 622 526 666 lineas,
540 621 741 667 legumina
759 620 868 656 15-18
885 620 1009 655 lineas
1028 620 1157 664 longa.
1175 621 1209 655 A
1226 618 1263 655 C.
1290 618 1478 665 Kotsehyz'
1499 618 1644 653 foliolis
1663 617 1822 653 minori-

129 670 205 706 bus
225 669 568 716 leguminibusque
587 668 881 713 angustioribus
899 668 1021 702 acutis
1040 677 1109 702 nec
1126 667 1277 702 obtusis
1305 667 1540 702 mum-enatis
1559 666 1749 700 distincta.

191 826 231 867 5.
269 824 322 869 C.
356 823 684 878 parviflora
716 823 774 877 (J.
807 827 850 865 et
876 822 947 876 Sp.
977 823 1051 865 loc.
1077 823 1142 864 cit.
1174 835 1211 875 p.
1242 820 1317 873 95)
1349 821 1821 871 canescenti-velutina,

129 883 325 925 caulibus
349 882 637 934 brevissimis,
659 882 771 924 foliis
799 882 1005 936 5-8-Jugis
1027 881 1172 935 parvis
1196 881 1504 934 approximatis
1532 881 1726 922 cuneatis
1756 880 1824 921 vel

130 941 558 996 oblongo-quadrans
585 942 760 990 retusis,
787 940 958 994 stipulis
987 940 1124 983 ovatis
1146 939 1431 988 brevissimis,
1460 939 1716 992 pedunculis
1740 939 1824 980 1-3-

129 1000 251 1043 floris
272 1001 413 1054 calyce
437 1000 725 1051 brevioribus,
752 1000 906 1053 calycis
936 999 1062 1041 dente
1082 998 1275 1040 inferiori
1294 997 1545 1040 lateralibus
1567 998 1698 1051 duplo
1725 996 1824 1039 bre-

130 1059 264 1111 viore,
289 1060 447 1102 corolla
474 1059 843 1100 flavido-violacea
865 1058 1007 1112 calyce
1029 1058 1155 1099 tertia
1168 1060 1289 1111 parte
1308 1057 1513 1109 longiore,
1535 1056 1825 1109 leguminibus

123 1118 375 1173 junioribus
401 1117 655 1160 tomentosis
689 1118 839 1161 acutis.
868 1116 1107 1160 seminibus
1138 1114 1428 1171 (junioribus)
1458 1115 1651 1157 laevibus.

178 1191 281 1227 Hab.
302 1192 343 1226 in
361 1190 492 1226 Persia
510 1190 560 1226 ad
575 1191 705 1225 sinum
723 1191 921 1226 Persicum
947 1189 1086 1234 (Auch.
1105 1200 1184 1224 exs.
1208 1188 1302 1239 4432}
1319 1189 1352 1224 A
1366 1190 1401 1234 l),

181 1255 320 1290 Affinis
341 1253 378 1290 C.
399 1254 660 1300 astrayalz'noe
686 1254 754 1289 sed
782 1254 965 1290 omnibus
983 1254 1160 1300 partibus
1180 1253 1307 1288 minor
1333 1254 1371 1287 et
1392 1252 1506 1287 flores
1524 1255 1740 1298 praesertim
1760 1253 1829 1287 vix

131 1303 156 1338 6
175 1302 298 1338 lineas
313 1302 432 1347 longi.
451 1302 609 1337 Semina
626 1313 649 1336 a
672 1301 715 1337 cl.
734 1302 846 1336 Jaub.
868 1303 905 1337 et
923 1301 987 1348 Sp.
1006 1301 1078 1336 loc.
1099 1301 1159 1336 cit.
1181 1303 1367 1347 practerea
1388 1299 1574 1345 laevigata
1591 1300 1781 1335 dicuntur.

194 1459 234 1500 6.
270 1458 325 1502 C.
350 1458 652 1514 vaginalis
680 1458 824 1513 (Jaub.
844 1462 886 1500 et
911 1458 982 1511 Sp.
1012 1458 1088 1500 loc.
1114 1458 1181 1499 cit.
1206 1470 1246 1511 p.
1273 1458 1342 1509 96,
1375 1457 1459 1498 tab.
1487 1456 1564 1510 48)
1580 1469 1828 1509 canescens,

132 1517 331 1560 caulibus
352 1517 622 1559 brevissimis
644 1521 765 1571 parte
785 1518 974 1560 inferiori
994 1517 1178 1571 apliyllis
1196 1516 1360 1569 vaginis
1388 1516 1674 1569 stipularihus
1697 1528 1830 1557 mem-

134 1576 360 1618 branaceis
402 1577 755 1630 cyathiformibus
801 1576 1009 1619 truncatis
1060 1576 1225 1627 obsitiS,
1270 1575 1381 1618 foliis
1424 1574 1631 1628 3-6-jugis
1674 1575 1830 1617 foliolis

135 1634 332 1678 obovatis
379 1635 448 1677 vel
486 1635 823 1678 cuneiformibus
874 1635 1084 1678 truncatis
1130 1635 1198 1677 vel
1239 1634 1424 1685 retusis,
1476 1633 1648 1687 stipulis
1691 1634 1830 1676 ovatis

132 1694 317 1747 obtusis,
344 1694 602 1749 pedunculis
632 1694 846 1736 1-2-floris
868 1695 970 1736 folio
991 1694 1281 1744 brevioribUS,
1305 1693 1459 1746 calycis
1479 1692 1609 1734 dente
1625 1692 1831 1734 inferiore

135 1753 388 1796 lateralibus
415 1753 627 1805 breviore,
654 1753 809 1796 corolla
840 1754 1026 1795 violacea
1063 1754 1205 1806 calyce
1230 1752 1304 1793 vix
1329 1751 1459 1805 diple
1488 1751 1691 1804 longiore,
1715 1752 1833 1804 legu-

135 1812 251 1854 mine
291 1812 581 1866 glabriusculo
625 1816 741 1855 recto
782 1813 974 1854 breviter
1021 1812 1277 1862 acuminatO,
1328 1809 1566 1853 seminibus
1604 1810 1834 1852 alveolatu-

134 1870 358 1925 depressis
380 1871 893 1925 tuberculato-rugulosis
911 1879 946 1921 ό.

185 1944 287 1980 Hab.
306 1946 346 1980 in
365 1945 649 1991 Mesopotamia
671 1945 721 1980 ad
738 1946 905 1981 ssuvium
923 1944 1068 1981 Kerket
1091 1943 1230 1989 (Auch.
1253 1939 1337 1979 exs.'
1353 1942 1495 1987 44361),
1520 1943 1559 1977 in
1582 1943 1766 1977 Armenia
1783 1942 1835 1977 ad

137 1991 304 2074 'gleirfflff
324 1992 491 2038 (Hueti),
509 1994 547 2027 in
567 1993 691 2028 Ponto
708 1993 981 2028 Poleinoniaco
999 2002 1119 2039 prope
1140 1991 1355 2026 Chabbane
1374 1989 1606 2024 Karahissar
1622 1989 1785 2032 (Tehieh
1797 1991 1834 2033 !).

180 2104 373 2142 Rhizoma
399 2115 586 2148 crassum,
625 2105 755 2140 caules
785 2104 1084 2152 procumbentes
1119 2103 1431 2150 3-4-p011icares,
1477 2102 1592 2137 flores
1621 2102 1835 2148 pollicares,

138 2150 323 2197 legumen
339 2153 404 2188 222
420 2152 677 2199 ¹s2-pollicare.

637 2332 983 2380 circinnium
1009 2331 1067 2393 (L.
1096 2330 1193 2378 Gen.
1222 2329 1339 2391 882).

201 2455 333 2510 Calyx
360 2456 673 2499 subbilabiatus
701 2454 903 2497 dentibus
930 2454 1232 2508 superioribus
1251 2453 1380 2494 altius
1396 2452 1602 2494 connatis.
1622 2451 1838 2494 Vexillum

141 2515 386 2570 angustum,
405 2517 481 2558 alae
497 2519 645 2566 acutae,
664 2514 807 2557 carina
827 2513 1011 2568 dipetala
1029 2516 1164 2554 acuta.
1191 2512 1380 2554 Stamina
1402 2511 1626 2564 diadclplia
1645 2510 1838 2552 anthei-is

142 2575 196 2618 ob
230 2575 391 2617 loculos
424 2576 539 2627 apice
570 2574 837 2616 confluentes
859 2571 1200 2615 subbivalvibus.
1244 2570 1450 2612 Ovarium
1484 2569 1838 2623 plui-iovulatum,

143 2635 256 2688 stylo
275 2634 424 2687 glabro
438 2634 555 2686 apice
575 2633 770 2675 incurvo.
795 2632 990 2684 stigmate
1009 2630 1221 2673 terminali
1239 2629 1434 2682 capitato
1462 2629 1678 2680 Legumen
1702 2628 1838 2669 coria-

143 2704 265 2735 cenm
294 2692 454 2735 lineare
482 2704 780 2745 compressum
807 2691 875 2732 vel
900 2690 1183 2732 moniliforme
1222 2689 1364 2731 rarius
1397 2691 1571 2729 ovatum
1603 2686 1839 2739 turgidum,

143 2751 262 2793 intus
289 2752 554 2802 continuum,
580 2750 855 2792 indeliiscens
882 2749 946 2790 vel
989 2748 1316 2791 subdelnscens.
1346 2771 1404 2777 —
1433 2746 1588 2788 Herbae
1624 2757 1839 2799 perennes

145 2811 305 2864 saepius
332 2810 595 2863 glandulosae
631 2809 774 2850 radice
817 2809 951 2859 dulci,
988 2807 1100 2849 foliis
1146 2806 1508 2860 imparipinnatIs,
1548 2804 1729 2846 racemis
1772 2804 1841 2846 vel

146 2869 344 2923 capitulis
373 2868 637 2920 axillaribus,
665 2867 847 2910 floribus
874 2866 1257 2909 caerulescentibus
1289 2866 1355 2907 vel
1380 2864 1593 2906 violaceis
