2085 3231
238 172 309 208 110
942 173 1222 201 LEGUMINOSAE.
1731 166 1936 205 Melilotus.

239 251 544 310 densiusculis,
566 249 749 292 floribus
769 246 949 290 minutis
971 246 1081 288 albis
1099 246 1306 300 pedicello
1332 247 1519 300 calycem
1538 250 1816 303 aequantivel
1833 252 1934 302 bre-

240 312 351 354 viori
378 309 590 361 suffultis,
616 307 774 350 vexillo
801 306 890 349 alas
916 309 959 349 et
990 305 1178 347 carinam
1206 305 1556 360 subaequilongas
1592 313 1849 363 superante,
1876 311 1938 353 le-

239 372 416 424 gumine
442 369 609 410 minuto
630 365 818 420 pendulo
834 364 984 417 glabro
1003 364 1184 406 obovato
1201 365 1413 417 apiculato
1442 365 1495 406 ad
1522 370 1721 409 suturam
1739 368 1940 423 superio-

241 441 332 471 rem
361 429 515 471 obtuse
545 425 735 467 carinato
770 423 923 466 crebre
957 423 1365 475 reticulato-rugoso
1391 423 1460 478 Θ.
1486 423 1543 466 M.
1580 424 1810 478 officinalis
1841 439 1935 470 var.

237 489 285 542 β.
308 486 432 528 Linn.
458 485 530 538 Sp.
564 485 673 526 1078
699 507 751 514 —-
771 480 828 525 M.
852 481 1051 534 vulyaris
1074 480 1222 523 Willd.
1249 482 1401 524 Enum.
1437 495 1477 536 p.
1511 485 1594 526 790
1613 501 1665 514 —
1693 485 1745 527 M.
1764 485 1938 528 leucan-

240 546 316 588 tha
340 545 457 587 Koch
483 544 528 586 in
565 556 645 586 uc,
678 542 739 584 Fi.
766 541 836 584 Fr.
863 540 914 593 V,
940 554 980 595 p.
1016 541 1115 583 564.
1156 565 1209 570 ——
1235 540 1290 583 M.
1318 540 1666 595 melanosperma
1705 544 1869 588 Besser
1891 545 1938 588 in

244 618 320 647 n.c.
349 603 503 645 Prodr.
532 602 586 654 II,
619 601 727 644 186!

286 669 385 704 Hah.
404 669 443 703 in
470 667 626 703 incultis
645 669 682 702 et
699 666 885 711 arenosis,
902 664 1131 700 Macedonia
1149 665 1190 700 in
1208 665 1417 701 maritimis
1441 666 1691 703 Thesaloniae
1720 668 1857 716 (Orph.
1880 669 1936 705 Fl.

238 718 296 751 Gr
323 727 400 751 exs.
416 715 522 759 5750
541 716 578 750 et
593 714 634 749 in
653 715 783 749 monte
801 712 949 748 Orbelo
967 711 1077 756 (Fi-iv
1092 713 1128 756 1),
1149 712 1334 747 Anatolia
1346 713 1508 749 interior
1522 714 1572 749 ad
1584 714 1715 751 lacum
1732 716 1940 762 Beychehr

241 763 374 804 (Heldr
386 764 422 807 1),
442 762 587 797 Tauria
612 764 650 797 et
694 771 774 796 rov.
797 755 1016 795 Caucasicae
1035 758 1191 804 (MR),
1212 759 1344 795 Persia
1355 760 1527 797 borealis
1541 760 1581 796 in
1596 762 1776 799 faucibus
1794 765 1939 800 montis

239 810 383 845 Elbrus
406 809 497 855 (Ky.
525 819 605 844 exs.
681 808 750 852 2!)‚
778 807 1042 843 Turkestania
1067 816 1188 853 prope
1215 806 1459 843 Samarkand
1491 807 1631 852 (Lehm
1642 811 1685 856 1),
1721 810 1762 846 in
1788 810 1939 847 Libano

235 857 358 892 culta.

299 915 344 969 β.
371 913 632 966 parvzflora,
653 912 863 955 —Flores
882 911 1083 954 diminuti
1100 913 1307 954 caeterum
1324 913 1428 966 typo
1445 912 1600 956 similis
1615 940 1668 946 —
1681 913 1738 957 M.
1755 914 1940 958 arborea

242 975 353 1016 Cast.
377 974 421 1014 in
438 985 518 1015 Μ).
548 971 702 1014 Prodr.
726 970 787 1029 II,
809 984 850 1025 p.
877 971 972 1014 187.

290 1040 391 1075 Hah.
418 1039 459 1074 in
485 1038 659 1074 humidis
697 1037 877 1083 Phrygiae
909 1047 1028 1085 supra
1063 1036 1227 1072 Ouchak
1261 1037 1392 1082 (Bau),
1431 1037 1556 1084 Syriae
1585 1039 1667 1075 bor.
1692 1040 1743 1076 ad
1761 1039 1940 1077 Marasch

236 1087 387 1133 (Hauss
400 1089 438 1131 1),
468 1085 692 1131 Babylonia
709 1086 746 1120 et
762 1085 897 1121 Persia
913 1085 1075 1120 australi
1092 1084 1286 1129 (Haussn,
1309 1084 1490 1130 Byzantii
1507 1086 1620 1121 culta.

286 1142 424 1188 Typus
440 1143 477 1176 et
497 1140 666 1176 varietas
688 1139 727 1174 in
746 1138 902 1175 Oriente
920 1150 1022 1186 saepe
1036 1139 1227 1184 coluntur,
1254 1138 1691 1187 caules'15-20-pedales
1709 1143 1884 1179 evadunt
1903 1146 1941 1179 et

238 1190 291 1225 ad
308 1189 422 1224 tubos
439 1188 547 1224 fumo
570 1187 751 1222 tabacino
768 1185 986 1222 hauriendo
1004 1188 1117 1233 aptos
1137 1186 1227 1222 usui
1250 1189 1352 1222 sunt.

288 1245 349 1281 Δι’.
369 1244 502 1290 Geogr.
536 1243 694 1290 Europa
710 1245 792 1279 tota
810 1244 850 1279 in
868 1243 1169 1279 australioribus
1187 1246 1383 1288 montana,
1403 1243 1545 1280 Sibiria
1562 1245 1654 1291 tota,
1674 1246 1811 1282 China.

289 1326 374 1363 Obs.
395 1326 448 1362 M
468 1325 657 1361 Polom'ca
674 1325 813 1369 (Grun.
833 1324 935 1359 Bull.
954 1324 1036 1359 Soc.
1055 1325 1142 1360 Nat.
1162 1324 1286 1371 Mosq.
1310 1325 1412 1370 1867,
1430 1336 1468 1372 p.
1490 1325 1576 1372 418,
1603 1326 1682 1362 tab.
1706 1326 1749 1363 8!
1768 1338 1820 1363 an
1837 1327 1941 1364 Pers.

240 1373 364 1408 Ench.
391 1372 435 1408 II.
460 1372 572 1417 348?)
591 1383 614 1408 a
630 1372 941 1419 praecedentibus
959 1372 1105 1407 foliolis
1123 1372 1371 1418 subintegris,
1391 1372 1556 1408 racemis
1573 1373 1808 1418 iratissimis,
1827 1375 1939 1421 legu-

240 1421 347 1455 mine
362 1430 505 1465 rugoso
528 1420 653 1456 multo
678 1419 825 1466 majore
849 1419 915 1455 3-3
927 1419 969 1463 ¹l2
1000 1418 1125 1454 lineas
1158 1419 1278 1464 longo
1305 1419 1487 1456 distincta
1515 1424 1624 1456 extra
1653 1422 1750 1458 fines
1780 1423 1941 1459 ditionis

241 1470 387 1503 nostrae
402 1468 442 1503 in
460 1467 602 1503 insulis
620 1466 782 1502 Swiatoi
800 1467 920 1502 maris
938 1466 1070 1514 Caspii
1087 1469 1124 1502 et
1144 1477 1265 1517 prope
1283 1467 1499 1503 Asu-achan
1513 1469 1659 1505 crescit.

762 1604 1041 1653 mulionum
1074 1605 1138 1665 (L.
1171 1606 1269 1654 Gen.
1301 1605 1425 1666 896).

301 1708 468 1763 Calycis
489 1709 642 1752 dentes
665 1710 734 1752 vel
758 1710 919 1752 laciniae
942 1713 980 1753 5.
1005 1697 1160 1753 Carina
1182 1711 1349 1754 obtusa.
1375 1712 1569 1754 Stamina
1591 1712 1820 1768 diadelpha
1842 1726 1941 1757 cum

243 1768 397 1822 petalis
421 1769 571 1811 saltem
595 1769 874 1812 inferioribus
898 1773 1079 1812 connata
1101 1770 1332 1813 filamentis
1358 1771 1477 1825 apice
1499 1772 1599 1825 plus
1621 1772 1766 1815 minus
1794 1773 1943 1816 dilata-

241 1828 310 1870 tis.
337 1827 555 1881 Legumen
592 1831 766 1870 ovatum
802 1829 872 1870 vel
913 1829 1282 1883 oblongo-lineare
1327 1831 1638 1884 1-4-spermum
1689 1833 1850 1886 saepius
1878 1832 1943 1874 in-

243 1887 469 1928 dehiscens
493 1887 883 1941 membranaceum,
901 1889 1046 1931 rarius
1069 1889 1309 1931 coriaceum
1329 1889 1470 1943 calyce
1493 1890 1562 1932 vel
1580 1891 1739 1933 corolla
1755 1903 1943 1934 marces-

241 1949 365 1988 cente
391 1946 620 1988 inclusum.
637 1970 694 1976 -—
712 1946 870 1988 Herbae
891 1947 1003 1990 foliis
1031 1949 1055 1990 3
1079 1948 1305 1990 rarissime
1323 1949 1633 1991 5-7-foliolatis.

676 2031 924 2086 Specierum
951 2032 1241 2075 Orientale'um
1267 2033 1508 2087 dispositio.

242 2158 364 2201 Smer.
399 2158 431 2201 Ι.
464 2158 673 2202 Licopus.
726 2160 843 2202 Koch
872 2159 974 2214 Syn.
997 2174 1036 2215 p.
1066 2162 1160 2203 184.
1192 2187 1245 2193 —-
1282 2161 1451 2215 Calyeis
1478 2161 1605 2215 fauce
1639 2162 1809 2206 interne
1835 2164 1944 2207 callo

537 2230 646 2271 soepe
669 2217 787 2260 hirto
809 2218 960 2261 clausa
981 2219 1049 2262 vel
1067 2221 1233 2264 annulo
1254 2221 1453 2274 pilorum
1479 2221 1630 2263 obsita.
1663 2222 1815 2265 Patala
1844 2235 1944 2266 cosn-

538 2279 656 2319 mzta.
701 2277 920 2330 Leymnen
962 2278 1124 2333 calmis
1164 2279 1266 2322 tubo
1318 2279 1537 2322 ine'lusmn
1591 2292 1945 2334 monospermum

538 2336 725 2379 tenuiter
780 2336 1157 2380 membranaceum
1194 2338 1394 2392 operculo
1439 2339 1718 2382 subeore'aceo
1777 2341 1941 2394 saepius

539 2394 847 2447 irregulariter
872 2395 1046 2448 ruptae.
1068 2422 1122 2427 —
1140 2397 1294 2440 Herboe
1318 2397 1524 2451 capitule's
1549 2399 1854 2443 terminalibus
1878 2400 1944 2443 in-

539 2454 711 2496 terdum
736 2453 866 2497 etiam
888 2454 1167 2507 aoeillaribas,
1186 2456 1379 2508 floribus
1409 2457 1638 2500 sessilibus
1668 2458 1864 2512 spicati&
1881 2459 1947 2502 vel

542 2513 758 2566 capuaci&
779 2525 948 2567 semper
971 2513 1242 2559 ebracteatis.

447 2620 469 2675 ξ
508 2623 541 2663 1.
565 2621 872 2665 Perennia.
893 2647 944 2652 -
962 2623 1078 2665 Folia
1100 2636 1305 2677 suprema
1332 2636 1504 2679 semper
1527 2625 1736 2680 opposita.

778 2710 797 2727 *
847 2711 1006 2758 Calycis
1032 2713 1152 2748 tubus
1175 2713 1413 2750 20-nervius.

300 2771 339 2807 T.
362 2771 514 2817 rubens,
535 2773 715 2820 alpeslre.

818 2837 836 2855 *
887 2838 1041 2884 Calycis
1062 2840 1181 2875 tubus
1199 2839 1436 2876 10-nervius.

299 2897 341 2934 T.
360 2899 543 2945 medium,
599 2900 764 2944 atulam,
795 2901 1017 2948 szqnantiz}
1052 2907 1256 2950 pratense,
1291 2904 1531 2942 caudatam.
1553 2903 1720 2949 Ottonis,
1744 2905 1944 2950 Noricum,

241 2944 530 2991 ochrofeueum,
588 2948 750 2994 assium,
786 2960 1057 2997 selum-rosum,
1088 2961 1308 2996 canescens,
1326 2951 1668 2999 trz'choeephalum‚
1696 2951 1950 2989 Armenium.'
