2045 3227
117 233 361 281 Onobrychss.
826 241 1106 268 LEGUMINOSAE.
1741 233 1814 268 537

115 315 247 371 spicis
285 315 412 356 etiam
439 313 521 356 sub
551 313 721 356 anthesi
745 312 954 367 elongatis
981 312 1103 363 laxis,
1129 312 1284 365 calycis
1316 311 1524 365 adpresse
1562 311 1722 354 hirsuti
1746 324 1814 354 ce-

116 375 223 418 rella
241 374 366 416 rosea
390 373 539 415 striata
563 372 781 426 subduplo
799 371 1014 413 brevioris
1032 370 1199 412 laciniis
1215 369 1689 412 lanceolato-suluilatis
1709 371 1812 413 tubo

115 432 334 486 subduplo
377 431 659 484 longioribus,
689 430 768 473 alis
791 431 933 484 calyce
961 429 1088 483 paulo
1118 429 1408 480 brevioribus,
1436 429 1593 470 vexillo
1621 431 1811 470 carinam

115 491 340 534 manifeste
382 493 641 543 superante,
687 490 828 543 calyce
871 487 1220 531 semiorbiculato
1259 488 1471 541 adpresse
1512 487 1625 529 hirto
1668 489 1812 541 calyce

114 551 249 593 multo
272 548 455 601 longiori
477 548 530 590 ad
554 548 720 591 discum
746 547 1084 602 superficialiter
1110 550 1153 588 et
1173 546 1447 599 inaequaliter
1473 546 1686 587 foveolato
1713 546 1813 588 bre-

114 610 228 651 viter
259 607 593 650 2-5-aculcolato
631 608 763 650 crista
802 607 985 660 angusta
1026 605 1071 647 in
1100 606 1173 647 5-6
1206 604 1359 647 dentes
1398 605 1478 646 late
1517 604 1810 657 triangulares

110 671 262 710 acutos
286 667 457 720 partita.
491 670 546 712 26.

161 741 259 776 Hal).
280 741 322 775 in
347 740 514 776 collibus
533 740 582 776 ad
602 740 820 786 marginem
839 738 1029 786 paludum
1049 737 1238 773 Caesareae
1256 737 1296 773 in
1316 737 1566 784 Cappadocia
1579 737 1714 782 (Ball).

159 805 298 841 Planta
316 804 379 840 3-4
396 804 546 851 pedalis
564 804 739 840 caulibus
759 803 944 840 tenuibus
966 802 1131 838 ramosis
1154 802 1380 848 foliolisque
1401 803 1558 837 remotis
1578 803 1612 836 et
1633 802 1812 847 angustis

111 852 278 898 insignis
295 865 302 897 ;
320 852 434 887 flores
461 853 575 898 parvi
592 854 612 887 4
631 852 757 887 lineas
774 851 896 896 longi,
914 850 1096 896 legumen
1114 850 1138 885 3
1156 850 1280 885 lineas
1299 851 1452 884 tantum
1474 848 1648 893 longum.

174 1000 241 1041 24.
271 997 332 1041 Ο.
368 997 752 1052 Kotschyana
792 996 942 1051 (Fenzl
973 996 1079 1049 Pug.
1108 1003 1155 1037 n0
1182 995 1228 1049 2)
1255 995 1462 1049 adpresse
1485 995 1672 1045 hirsuta,
1712 1008 1810 1037 cau-

111 1059 226 1101 libus
253 1056 413 1099 erectis
451 1056 519 1098 vel
555 1055 941 1110 procumbentibus
977 1066 1167 1108 superne
1193 1054 1416 1104 flexuosis,
1453 1054 1567 1096 foliis
1603 1054 1813 1107 3-7-jugis

113 1116 270 1160 foliolis
292 1115 697 1170 elliptico-oblongis
724 1115 793 1157 vel
811 1114 1055 1164 ‚linearibus
1080 1113 1308 1164 lineolatis,
1332 1112 1590 1167 pedunculis
1608 1113 1813 1154 subdiva-

114 1176 273 1227 ricatis,
299 1174 432 1228 spicis
460 1174 634 1216 demum
668 1173 932 1226 longissimis
958 1173 1082 1223 laxis,
1110 1172 1293 1227 floribus
1316 1172 1484 1213 carneis
1519 1171 1810 1213 mediocribus

113 1234 293 1285 strictis,
316 1233 474 1287 calycis
499 1233 658 1275 corolla
680 1232 854 1274 dimidia
881 1231 1175 1284 snblongioris
1201 1230 1365 1273 laciniis
1391 1230 1542 1272 ciliatis
1559 1231 1812 1272 lanceolato-

114 1293 330 1336 subulatis
355 1293 461 1335 tubo
499 1293 667 1347 2-3-ple
700 1291 983 1345 longioribuS,
1022 1291 1099 1333 alis
1129 1290 1272 1343 calyce
1309 1290 1407 1343 plus
1436 1289 1614 1331 dimidio
1642 1289 1812 1330 brevio-

112 1354 251 1405 ribus,
288 1352 447 1394 vexillo
486 1352 631 1394 carina
659 1350 902 1393 subtriente
928 1349 1144 1402 breviore,
1185 1349 1400 1402 legumine
1437 1360 1572 1402 parvo
1600 1348 1810 1401 adpresse

114 1411 275 1454 hirtulo
302 1411 483 1453 obevato
510 1411 653 1464 calyce
691 1409 893 1451 breviore
920 1409 972 1450 ad
1008 1408 1174 1450 discum
1206 1408 1419 1461 profunde
1459 1410 1502 1449 et
1539 1406 1811 1460 inaequaliter

114 1470 453 1525 paucifoveolato
493 1470 649 1512 inermi
674 1469 741 1511 vel
776 1468 1111 1522 2—3-spinuloso,
1143 1467 1273 1508 crista
1297 1467 1341 1508 in
1370 1467 1442 1508 2-53
1478 1467 1630 1508 dentes
1668 1478 1690 1507 e
1720 1465 1812 1506 basi

112 1529 366 1583 triangulari
394 1529 619 1571 subulatos
653 1527 866 1583 profunde
887 1527 1045 1581 partita
1066 1526 1185 1580 apice
1205 1536 1320 1580 saepe
1338 1528 1537 1568 truncata
1563 1525 1725 1566 bicorni
1752 1528 1808 1569 26.

117 1587 273 1644 Hedys.
299 1586 571 1641 Onobrycln's
593 1587 722 1630 Russ.
750 1587 904 1640 Alepp.
930 1586 1013 1628 tab.
1041 1587 1088 1627 11
1120 1597 1205 1627 non
1224 1584 1270 1626 L.

161 1663 257 1698 Hal).
286 1664 327 1698 in
352 1662 518 1698 collibus
537 1662 725 1709 lapidosis
751 1662 874 1706 Syriae
889 1660 939 1696 ad
950 1660 1021 1696 Ale
1053 1670 1103 1706 po
1129 1660 1268 1704 (Auch.
1284 1670 1364 1695 exs.
1391 1659 1503 1695 10581
1532 1659 1604 1704 Ky.
1620 1669 1698 1693 exs.
1718 1657 1809 1692 170!

111 1709 293 1755 (Haussk
307 1711 342 1755 l),
367 1720 487 1756 prope
514 1709 606 1745 Orsa
625 1709 850 1754 (Haussk!),
872 1708 995 1744 Gebel
1024 1671 1180 1752 gindjffl
1193 1707 1368 1753 Assyriae
1389 1706 1566 1751 (Haussk
1580 1707 1612 1747 l),
1626 1705 1809 1751 planities

113 1757 214 1840 {nter
232 1758 472 1793 Damascum
499 1759 535 1793 et
552 1757 824 1792 Antilibanum
850 1755 981 1800 (Boiss
995 1756 1030 1800 l),
1048 1755 1087 1790 in
1109 1755 1261 1790 deserto
1296 1754 1345 1790 ad
1372 1753 1597 1799 Palmyram
1616 1752 1731 1796 (ΒΜ).
1751 1751 1809 1786 Fl.

157 1815 204 1839 ai.

162 1867 302 1903 Caules
317 1868 477 1915 pedales
494 1867 559 1904 vel
576 1868 786 1912 breviores,
802 1867 916 1902 flores
935 1867 990 1902 eis
1020 1865 1061 1903 Ο.
1081 1866 1220 1902 satz'vae
1243 1866 1414 1900 minores
1428 1894 1436 1908 ,
1459 1865 1575 1911 spicae
1594 1864 1752 1899 demum
1771 1863 1811 1897 4-

109 1914 370 1962 ss—pollicares3
390 1916 535 1962 species
551 1915 784 1962 pedunculis
801 1914 1034 1959 divaricatis
1053 1913 1199 1949 vexillo
1216 1913 1338 1958 brevi,
1356 1912 1554 1958 legumine
1573 1911 1679 1958 apice
1698 1909 1812 1956 quasi

114 1963 291 1998 truncato
311 1964 410 1998 inter
428 1963 562 1998 affines
580 1962 780 1999 notabilis.

161 2060 249 2096 Obs.
278 2059 319 2096 O.
333 2059 518 2097 saoeatz'lis
543 2060 667 2095 Sibth.
684 2062 720 2095 et
736 2059 814 2095 Sm.
828 2058 960 2095 Prodr.
978 2058 1023 2103 Π,
1040 2069 1075 2105 p.
1094 2056 1141 2093 83
1158 2057 1198 2092 in
1226 2055 1405 2092 Anatolia
1426 2055 1528 2090 inter
1545 2055 1754 2099 Smyrnam
1774 2054 1813 2088 et

113 2106 281 2143 Bursam
299 2108 385 2143 etin
402 2106 527 2142 insula
542 2108 672 2154 Cypro
684 2107 852 2142 indicata
865 2108 966 2142 certe
984 2116 1062 2141 non
1081 2107 1140 2141 est
1157 2104 1304 2151 species
1320 2103 1536 2138 Linnaeana
1549 2102 1665 2145 huius
1685 2100 1811 2135 nomi-

113 2155 174 2189 nis
193 2165 239 2190 ex
258 2155 448 2202 Hispania
467 2157 504 2190 et
521 2155 655 2190 Gallia
671 2154 837 2191 oriunda
853 2156 891 2189 et
905 2153 1065 2200 probab.
1082 2151 1132 2188 ad
1144 2161 1263 2187 unam
1281 2151 1345 2187 vel
1359 2150 1492 2197 plures
1511 2149 1726 2196 specierum
1746 2157 1810 2182 su-

113 2211 184 2248 pra
201 2201 482 2249 descriptarum
500 2204 656 2249 spectat.

565 2360 591 2412 ¹}
616 2360 653 2401 3.
675 2382 733 2389 -
758 2353 1353 2410 Dendrobryehideae.

175 2468 241 2509 25.
270 2466 327 2510 Ο.
340 2469 593 2510 cornuta
610 2465 675 2522 (L.
697 2465 768 2520 Sp.
789 2466 901 2507 1060
930 2465 1013 2508 sub
1043 2463 1290 2517 Hedysaro)
1306 2461 1810 2505 fruticulosaintricatim

112 2526 409 2568 ramosissima
419 2526 640 2579 pulvinata
649 2524 906 2580 pedunculis
916 2536 936 2566 s
941 2522 1265 2578 pinescentibus
1275 2521 1466 2571 horrida,
1476 2520 1526 2562 ad
1532 2532 1685 2574 presse
1700 2520 1814 2562 hirta

114 2585 212 2639 plus
230 2584 371 2627 minus
388 2596 634 2637 canescens,
650 2585 827 2635 sericea,
842 2583 911 2625 vel
929 2584 1312 2633 cano-tementosa,
1339 2579 1513 2634 stipulis
1541 2579 1813 2621 membrana-

111 2643 201 2686 ceis
217 2643 555 2696 triangularibus
568 2643 704 2685 acutis
721 2642 877 2697 petiole
894 2642 1077 2694 adnatis,
1092 2641 1202 2684 foliis
1220 2639 1589 2693 impari-pinnatis
1602 2637 1811 2691 2-4-jugis

114 2701 271 2745 foliolis
297 2702 720 2745 lineari-lanceolalis
747 2701 884 2744 acutis
906 2701 1113 2754 utrinque
1138 2699 1290 2754 pagina
1312 2697 1387 2740 sed
1408 2697 1605 2740 inferiori
1631 2696 1810 2739 densius

114 2759 311 2813 hirsutis,
339 2761 595 2815 pedunculis
622 2760 884 2815 paucissoris‚
913 2760 1069 2813 calycis
1102 2758 1261 2801 hirsuti
1287 2757 1445 2800 corolla
1469 2757 1596 2798 rosea
1616 2755 1723 2809 2-1βῖ
1744 2754 1813 2796 vel

114 2819 243 2873 triplo
269 2819 483 2863 brevioris
516 2820 681 2863 laciniis
708 2818 910 2872 rigidulis
937 2815 1407 2861 lanceolato-subulatis
1430 2815 1533 2858 tubo
1558 2814 1813 2869 aequilongis

113 2878 183 2920 vel
206 2878 479 2922 brevioribus
513 2879 658 2921 rarius
685 2878 1053 2931 sublongioribus,
1084 2877 1241 2919 vexillo
1267 2875 1414 2929 glabro
1442 2877 1592 2916 retuso
1615 2874 1683 2915 vel
1711 2872 1815 2915 suh-

116 2937 257 2980 bilobo
298 2937 443 2979 carina
470 2937 618 2991 glabra
644 2937 850 2990 longiore,
888 2936 967 2978 alis
995 2936 1191 2988 oblongis
1219 2934 1388 2977 obtusis
1420 2933 1490 2976 vel
1530 2931 1813 2974 acutiusculis

111 2996 259 3050 calyce
293 2997 429 3039 multo
455 2997 723 3050 longioribus
751 2996 896 3038 carina
930 2995 1061 3038 tertia
1097 2995 1168 3036 vel
1194 2995 1349 3048 quarta
1387 2995 1509 3047 parte
1535 2991 1815 3033 brevioribus
