2045 3227
121 210 237 249 Vieia.
827 212 1106 240 LEGUMJNOSAE
1742 201 1814 238 571

109 294 228 338 lutea
249 289 464 344 subtriplo
483 287 701 332 brevioris
719 298 794 330 ore
820 285 945 328 valde
967 282 1132 339 obliqui
1151 283 1319 326 laciniis
1335 282 1820 325 lanceolam-subulatis

107 351 238 396 rectis
259 349 464 392 inferiore
489 347 684 400 longiore
710 345 864 388 tubum
891 343 1192 396 subaequante,
1219 342 1376 384 vexillo
1402 341 1565 395 glabro,
1592 341 1813 394 legumine

109 410 300 464 stipitato
327 406 517 461 pendulo
539 405 720 458 oblongo
747 406 936 447 rostrato
958 401 1131 455 turgido
1158 401 1368 455 adpresse
1395 400 1559 443 sericeo
1599 399 1698 454 pilis
1721 399 1816 441 basi

108 481 196 513 non
218 465 518 519 tuberculatis,
545 463 784 507 seminibus
807 461 996 517 globosis
1022 460 1108 502 hilo
1134 460 1288 502 lineari
1314 459 1575 513 periphaeria
1615 458 1818 512 sextuplo

111 527 314 570 breviore
344 529 409 575 Θ.

158 599 260 636 Hab.
280 600 321 634 in
338 597 455 633 cultis
471 595 642 642 regionis
670 594 865 631 inferioris
889 593 1012 629 Tauri
1036 592 1184 628 Cilicici
1213 591 1314 627 circa
1338 590 1469 627 Giilek
1488 590 1579 637 (Ky.
1603 600 1684 626 exs.
1702 590 1819 634 1511).

111 647 234 693 Cypri
251 645 365 691 (Ky),
387 644 528 679 Libani
545 643 646 688 (ΒΗ)
664 645 703 678 et
724 642 825 677 circa
842 640 971 676 Abeih
988 641 1100 685 (Post
1112 641 1147 685 i),
1166 638 1367 675 Palestina
1383 638 1562 684 (Boissl),
1580 637 1714 674 Persia
1735 637 1820 673 bor.

110 703 230 742 prope
248 693 429 728 Teheran
443 691 533 736 (Ky.
553 700 634 726 exs.
651 691 716 725 711
731 689 859 735 Bgel).

168 760 198 815 β
226 757 528 811 microphylla.
555 781 612 787 —
639 755 801 798 Foliola
833 753 1000 796 minuta
1022 751 1471 804 cuneato-obcordata,
1511 750 1676 793 laciniae
1703 751 1818 804 caly-

111 819 218 863 cinae
243 817 502 859 abbreviatae
523 815 706 857 inferior
731 814 836 856 tubo
860 813 951 855 fere
973 810 1152 854 dimidio
1175 811 1363 853 brevior.
1389 834 1447 840 —
1493 809 1534 852 V,
1563 809 1826 862 podocarpa.

110 878 250 921 Boiss.
277 879 319 918 et
343 875 530 918 Haussk.
555 874 657 929 Mss.

156 951 256 987 Hab.
275 951 315 985 in
334 949 438 995 agris
464 948 514 984 ad
540 948 693 995 Aleppo
719 946 844 993 Syriae
880 944 1094 991 (Hausskl)
1127 946 1165 980 et
1196 944 1239 979 in
1265 943 1418 979 deserto
1442 942 1740 990 Mesopotamiae
1768 941 1820 977 ad

111 997 367 1044 Hierapolim.
385 995 444 1032 Fl.
465 995 578 1032 Mart.

158 1063 312 1110 Species
330 1073 354 1098 a
392 1060 426 1097 V.
445 1057 551 1098 lutec‘i
568 1062 606 1096 et
633 1059 671 1095 V.
689 1056 831 1096 vestitit*
849 1058 975 1093 Boiss.
995 1056 1139 1102 calycis
1162 1055 1317 1091 laciniis
1340 1055 1613 1101 superioribus
1631 1064 1711 1090 non
1735 1063 1819 1089 sur-

112 1122 201 1148 sum
218 1109 519 1146 conniventibus
536 1109 575 1144 et
591 1107 804 1153 leguminis
820 1105 913 1153 pilis
931 1105 1018 1142 basi
1035 1114 1114 1139 non
1129 1103 1310 1139 bulbosis
1324 1103 1516 1138 distincta.

665 1277 701 1310 ><
760 1276 796 1309 ><
849 1268 1052 1315 Legumen
1071 1267 1267 1314 glabrum.

172 1366 211 1407 9.
236 1363 296 1406 V.
318 1362 629 1417 melanops
653 1360 810 1417 (Sibth.
837 1364 880 1404 et
906 1359 991 1402 Sm.
1015 1359 1169 1402 Prodr.
1195 1358 1250 1411 Il,
1277 1370 1316 1412 p.
1339 1356 1414 1410 72)
1441 1354 1700 1409 pubescens,
1724 1363 1825 1394 cau-

111 1423 227 1467 libus
269 1422 578 1466 scandentibus
614 1421 685 1464 vel
721 1419 966 1474 prostratis,
1001 1418 1112 1460 foliis
1152 1416 1391 1461 cirrhil'eris
1428 1414 1635 1468 5-7-jugis
1666 1411 1821 1454 foliolis

112 1482 369 1526 inferiorum
394 1479 792 1526 cuneato-obovatis
815 1478 1092 1533 superiorum
1120 1476 1317 1529 oblongis
1339 1473 1542 1517 omnibus
1565 1471 1734 1514 obtusis
1752 1470 1822 1511 vel

113 1541 292 1593 retusis,
318 1540 491 1594 stipufis
518 1538 810 1582 semihastatis
837 1536 1142 1592 superioribus
1164 1536 1325 1586 ovatiS,
1362 1531 1622 1588 pedunculis
1654 1530 1824 1571 brevis-

115 1601 238 1644 simis
265 1598 517 1642 axillaribus
549 1597 784 1650 1—3-ssoris,
819 1596 976 1649 calycis
1002 1595 1107 1637 hirti
1143 1595 1303 1638 corolla
1330 1593 1460 1646 triplo
1489 1589 1705 1633 brevioris
1746 1599 1824 1630 ore

114 1659 241 1702 valde
272 1658 447 1712 obliquo
473 1657 640 1700 laciniis
667 1668 691 1698 a
718 1657 812 1698 basi
838 1655 990 1699 latiore
1011 1653 1225 1697 subulatis
1253 1652 1460 1695 inferiore
1473 1649 1578 1693 tubo
1602 1647 1828 1701 suhaequi-

116 1718 243 1771 longa
279 1716 582 1770 superioribus
617 1715 895 1758 brevioribus
934 1725 1114 1757 sursum
1155 1711 1424 1763 incurvatis,
1469 1709 1628 1751 vexillo
1673 1707 1822 1760 glabro

114 1776 455 1827 luteo-viridulo,
472 1784 476 1789 ’
492 1776 572 1827 alis
596 1775 716 1830 apice
735 1775 884 1828 nigris,
911 1773 1057 1828 carina
1083 1773 1225 1825 fusca,
1252 1771 1470 1824 legumine
1501 1768 1670 1810 deflexo
1698 1764 1822 1819 stipi-

115 1838 202 1878 tato
228 1846 478 1889 compresso
505 1834 943 1887 oblongo-lanceolam
970 1833 1119 1885 glabro
1156 1832 1210 1873 ad
1243 1834 1421 1873 suturas
1455 1825 1824 1871 scabrido-tuber-

115 1895 254 1937 culato
281 1893 502 1937 interdum
533 1893 736 1945 ciliatulo,
772 1893 1012 1935 seminibus
1039 1891 1174 1944 nigris
1209 1884 1709 1940 ovato-subcompressis
1736 1883 1824 1925 hilo

115 1953 309 2008 quintam
332 1952 603 2007 periphaeriae
628 1954 797 2006 partem
824 1954 1061 2005 occupante
1088 1955 1151 2000 Ε).
1182 1949 1236 1991 Ic.
1258 1948 1320 1989 Fl.
1353 1946 1490 1988 Graec.
1519 1945 1604 1987 tab.
1627 1945 1707 1985 701
1731 1942 1826 1997 (ex-

115 2015 237 2066 cepto
270 2012 487 2064 legumine
511 2011 641 2053 nimis
668 2011 793 2064 longo
826 2012 870 2052 et
896 2012 1079 2063 angusto
1102 2008 1220 2063 quod
1265 2007 1306 2050 V.
1327 2003 1653 2058 ,qrandzfloram
1679 2001 1827 2056 potius

116 2071 303 2114 exhibet.
326 2094 378 2101 ——
416 2070 456 2114 V.
482 2069 664 2112 tricolor
690 2069 786 2112 Seb.
816 2071 859 2111 et
880 2069 1017 2111 Maur.
1046 2068 1106 2109 Fl.
1131 2067 1253 2110 Rom.
1282 2079 1323 2120 p.
1352 2066 1450 2117 245,
1476 2064 1561 2106 tab.
1590 2063 1630 2104 4.

117 2143 328 2227 Fl.}llaquiin
345 2143 516 2180 Laconia
529 2143 579 2179 ad
594 2143 710 2179 basin
728 2142 898 2190 Taygeti
914 2142 1038 2188 (Bory
1049 2143 1086 2187 l),
1095 2141 1136 2176 in
1144 2143 1276 2177 monte
1287 2139 1444 2176 Malevo
1456 2136 1636 2173 Laconiae
1649 2133 1776 2181 (Orph
1788 2134 1826 2179 l).

165 2254 300 2291 Flores
329 2255 492 2301 magnit.
537 2253 574 2290 V.
601 2254 727 2299 luteoe,
751 2254 934 2300 legumen
964 2253 1076 2289 12-15
1104 2252 1173 2287 lin.
1197 2251 1364 2297 longum
1396 2250 1462 2286 5-5
1480 2250 1522 2294 ¹s2
1551 2248 1687 2284 latum.
1725 2247 1759 2282 A
1789 2245 1826 2280 V.

117 2300 350 2339 Barbazz’tce
365 2302 496 2348 calyce
522 2312 589 2337 ore
608 2301 782 2348 obliquo,
800 2301 957 2337 laciniis
975 2299 1246 2348 superioribus
1265 2308 1425 2334 sursum
1442 2296 1659 2333 recurvatis
1673 2296 1712 2329 et
1726 2293 1830 2329 radi-

120 2349 217 2384 001ae
236 2350 313 2385 situ
331 2350 464 2385 statim
481 2349 758 2395 dignoscenda.

166 2414 227 2450 Ar.
247 2414 377 2459 Geoqr.
405 2413 537 2449 Gallia
554 2412 736 2448 australis
757 2419 878 2459 prope
897 2411 1117 2454 Teloneml,
1133 2409 1247 2446 Italia
1260 2408 1457 2453 australis,
1477 2405 1685 2443 Dalmatia.

186 2571 253 2612 10.
283 2570 344 2613 V.
371 2569 707 2625 Hyrcanica
721 2569 785 2625 (F.
809 2570 853 2611 et
869 2568 922 2610 M.
936 2567 1030 2609 Ind.
1059 2565 1251 2619 11,Hort.
1272 2566 1502 2618 Petropp
1523 2561 1600 2617 53)
1614 2560 1832 2615 glabrius-

122 2629 230 2680 cula,
257 2629 378 2671 caule
404 2629 515 2672 elato
541 2628 774 2672 scandente
799 2627 965 2679 striato,
988 2626 1100 2669 foliis
1137 2636 1309 2667 ramose
1341 2622 1581 2666 cirrhiferis
1617 2619 1835 2675 5-8-jugis

123 2687 276 2730 foliolis
304 2687 497 2741 oblongis
526 2688 595 2730 vel
620 2687 822 2742 ellipticis
846 2685 1059 2729 truncatis
1086 2684 1156 2726 vel
1182 2683 1350 2725 'retusis
1383 2679 1719 2732 mucronulatiS,
1752 2679 1829 2722 sti—

123 2746 238 2800 pulis
262 2746 566 2789 minutissimis
586 2745 910 2799 semisagittatis
932 2744 999 2791 vel
1026 2743 1166 2786 ovatis
1187 2742 1340 2794 acutis,
1364 2741 1549 2784 floribus
1575 2738 1829 2781 axillaribus

125 2805 330 2847 solitariis
353 2805 498 2848 rarius
520 2805 635 2847 binis
661 2804 920 2859 pedunculis
945 2803 1088 2856 calyce
1115 2803 1188 2844 vix
1223 2800 1492 2856 longioribus
1526 2797 1735 2850 suffultis,
1762 2808 1830 2839 ca—

124 2863 232 2917 lycis
272 2864 554 2917 glabriusculi
591 2864 752 2906 corolla
789 2863 1045 2905 ochroleuea
1072 2862 1096 2903 2
1132 2860 1275 2915 ¹s2·p10
1305 2858 1520 2901 brevioris
1561 2856 1726 2899 laciniis
1764 2856 1831 2898 in-

126 2922 364 2976 aequalibus
388 2935 412 2964 a
434 2922 527 2966 basi
553 2922 695 2965 latiori
722 2921 937 2965 subulatis
958 2920 1108 2963 infima
1125 2920 1229 2962 tubo
1254 2918 1497 2975 aequilonga
1525 2915 1830 2970 superioribus

125 2979 402 3025 brevioribus
428 2993 607 3025 sursum
634 2980 980 3033 conniventibus,
1006 2978 1164 3021 vexillo
1197 2977 1367 3031 glabro,
1393 2975 1610 3030 legumine
1636 2974 1834 3028 stipitato
