1959 3221
111 180 184 217 820
809 182 1115 210 UMBELLIFERAE.
1539 170 1815 218 Hydrocotyle.

112 329 188 371 Tu.
218 328 248 370 Ι.
278 321 756 369 HYDROCOTYLEAE
789 323 973 375 Spreng.
1010 319 1172 362 Schult.
1209 317 1325 372 Syst.
1352 317 1429 369 VI,
1468 330 1509 371 p.
1535 319 1603 360 32.
1633 343 1687 347 —
1713 316 1817 359 Um-

411 385 533 427 bellae
557 382 789 435 simplices.
818 380 1006 423 Fructus
1032 391 1054 420 a
1081 378 1215 420 latere
1241 388 1533 430 compressus.

600 555 961 605 nvnnocowffl
988 555 1055 617 (L.
1082 554 1178 602 Gen.
1202 553 1333 612 323).

173 675 339 730 Calycis
370 674 523 715 dentes
560 671 753 713 obsoleti.
801 669 949 712 Petala
982 671 1107 711 ovata
1138 668 1306 721 integra
1342 671 1467 711 acuta
1506 680 1593 710 non
1615 667 1811 710 incurva.

109 738 297 780 Fructus
324 747 348 775 a
376 735 511 775 latere
539 732 983 786 plano-compressus.
1027 728 1283 781 Mericarpia
1317 728 1493 770 evittata
1521 727 1637 781 Jugis
1675 729 1698 769 5
1736 728 1818 770 fili-

111 795 323 839 formibus
351 792 525 835 cai-inali
565 794 608 832 et
638 789 891 831 lateralibus
921 799 1036 841 saepe
1067 787 1288 839 obsoletis
1313 787 1587 829 intermediis
1613 788 1813 830 arcuatis.

112 854 439 908 Carpophorum
473 849 724 892 indivisum.
762 872 814 877 —-
853 847 1009 889 Herhae
1036 846 1101 902 (in
1123 846 1314 901 nostris)
1342 858 1560 901 perennes
1585 849 1816 900 prostratae

111 915 163 957 ad
192 914 329 956 nodos
353 911 611 954 radicantes.

174 1082 210 1122 1.
244 1079 310 1122 Η.
347 1076 624 1131 vulgaris
652 1074 718 1129 [L.
749 1073 818 1128 Sp.
847 1072 966 1124 338),
995 1072 1274 1126 glabrescens
1301 1084 1475 1126 repens,
1503 1071 1613 1114 foliis
1642 1072 1816 1126 peltatis

110 1138 362 1183 orbiculatis
398 1134 754 1178 lobato-crenatis
785 1132 1124 1179 novemnerviis,
1155 1131 1413 1185 pedunculis
1456 1131 1712 1173 axillaribus
1744 1133 1812 1174 1-3

110 1197 346 1241 verticillos
383 1195 706 1249 approxixnatos
744 1193 902 1235 florum
938 1191 1243 1233 subsessilium
1278 1190 1543 1232 terentibus.
1578 1190 1721 1233 fructu
1752 1192 1815 1233 di-

111 1258 240 1313 dymo
265 1257 357 1298 basi
385 1258 534 1296 retuso
560 1252 829 1305 mericarpiis
856 1251 1104 1293 tricostatis‘
1123 1253 1180 1295 26.
1209 1249 1268 1291 Fl.
1294 1250 1402 1291 Dan.
1424 1249 1505 1291 tab.
1527 1251 1597 1291 90.
1619 1274 1672 1279 —
1692 1250 1811 1303 Engl.

110 1318 198 1360 bot.
230 1320 258 1359 t.
288 1316 383 1357 751.
416 1338 466 1343 —
496 1313 634 1355 Rchb.
665 1312 719 1353 Ic.
747 1306 892 1353 Germ.
919 1314 945 1352 t.
980 1311 1104 1352 1842.

158 1391 260 1427 Hah.
288 1390 328 1425 in
355 1389 577 1436 paludosis,
600 1385 770 1430 turfos1s,
795 1385 846 1420 ad
875 1385 1000 1420 fossas
1021 1383 1227 1427 humidas,
1253 1383 1293 1418 in
1319 1381 1534 1429 paludibus
1561 1382 1751 1428 Zacynthi
1779 1385 1816 1418 et

111 1456 238 1493 Cretae
269 1453 440 1499 (Simu),
471 1462 582 1498 prov.
624 1449 1043 1485 Transcaucasicarum
1080 1447 1129 1482 ad
1167 1457 1274 1482 mare
1308 1445 1497 1492 Caspium
1524 1456 1643 1492 prope
1671 1446 1816 1481 Astara⁴

111 1503 302 1548 (Hohen.)
320 1502 358 1536 et
374 1499 536 1547 prohab.
555 1498 661 1533 alibi.
1516 1489 1521 1496 '

157 1567 221 1649 Δᾶζ.
244 1567 374 1611 Geoqr.
401 1564 558 1610 Europa
575 1562 704 1597 omnis
722 1561 773 1596 ab
795 1559 939 1606 Anglia
957 1561 992 1595 et
1010 1559 1273 1594 Scandinavia
1292 1557 1539 1593 meridionali
1564 1558 1613 1592 ad
1632 1557 1814 1593 Rossiam

111 1625 173 1650 1ne
203 1624 292 1649 iam.

172 1768 210 1807 2.
245 1765 312 1808 H.
351 1766 573 1806 natans
620 1760 740 1816 (Cyr.
774 1759 829 1813 pl.
858 1770 942 1800 rar.
973 1757 1107 1811 Neap.
1135 1757 1172 1808 Ι,
1200 1769 1293 1810 pag.
1323 1757 1405 1808 20,
1428 1755 1511 1797 tab.
1544 1756 1595 1805 6,
1632 1755 1701 1807 sig.
1742 1753 1813 1809 Β.)

109 1826 256 1879 glabra
284 1835 457 1878 repens,
482 1821 594 1864 foliis
617 1822 743 1873 longe
770 1817 985 1872 petiolatis
1011 1819 1192 1869 anguste
1219 1816 1407 1858 cordatis
1438 1814 1814 1856 orbiculato-reni-

109 1883 324 1927 formibus
346 1882 501 1925 obtuse
526 1879 877 1923 lobato-crenatis
905 1875 1252 1919 sub-'ll-nerviis
1270 1909 1279 1924 ,
1313 1873 1573 1929 pedunculis
1603 1873 1813 1915 brevibus

110 1942 441 1989 crassiusculis‚
487 1940 669 1982 floribus
701 1939 774 1980 5-6
810 1937 1006 1978 breviter
1042 1934 1310 1989 pcdicellatis
1341 1932 1812 1987 capitato-[imbellatiS,

109 2005 254 2046 fructu
281 2002 455 2055 didymo
479 2000 570 2042 basi
595 1998 830 2041 subretuso
848 1994 1120 2048 mericarpiis
1139 1994 1325 2036 obscure
1341 1991 1517 2035 costatis
1543 1995 1597 2037 24.
1624 1991 1678 2033 Ic.
1705 1992 1810 2033 Ten.

110 2063 173 2104 Fl.
200 2061 307 2115 Nap.
333 2061 417 2103 tab.
451 2061 545 2101 124.

159 2135 258 2170 Hah.
286 2135 327 2169 in
355 2133 490 2180 aequis
514 2135 551 2168 et
574 2132 690 2167 fossis
709 2129 917 2166 Palestinae
935 2128 976 2163 in
994 2127 1081 2162 lacu
1107 2126 1256 2162 Merom
1277 2124 1443 2161 Galileae
1467 2123 1647 2169 (Boissl),
1671 2123 1815 2158 Trans-

109 2183 297 2218 caucasiae
315 2181 366 2217 ad
383 2191 489 2216 mare
508 2180 693 2226 Caspium
714 2187 834 2224 prope
853 2178 995 2211 Astura
1013 2174 1213 2219 (Hohen.)

133 2294 141 2300 ·
156 2248 217 2300 Ap.
245 2247 378 2291 Geoqr.
404 2243 516 2279 Italia
531 2241 660 2278 media
678 2244 715 2276 et
732 2238 929 2284 australis,
948 2237 1128 2273 America
1144 2235 1312 2272 borealis
1331 2236 1368 2269 et
1383 2233 1665 2277 meridionalis,
1685 2233 1814 2279 Abys-

111 2304 222 2329 smxa.

110 2495 188 2537 ΤΒ.
224 2492 277 2534 ΙΙ.
322 2485 658 2532 SANICULEAE
708 2484 827 2526 Koch
868 2481 1053 2525 Umbell.
1100 2481 1195 2523 138.
1234 2503 1293 2510 —
1330 2477 1540 2520 Umbellae
1580 2476 1813 2530 simplices.

488 2547 675 2589 Fructus
701 2547 814 2586 teres
841 2542 911 2584 vel
935 2554 957 2584 a
985 2541 1114 2583 dorso
1142 2550 1439 2592 compressus.

646 2716 903 2765 carnelum
932 2715 990 2777 (L.
1017 2714 1116 2762 cen.
1152 2713 1271 2774 324).

165 2839 318 2882 Flores
342 2832 704 2890 hermaphroditi.
728 2830 862 2885 Calyx
879 2828 1083 2872 dentibus
1107 2829 1131 2869 5
1149 2826 1287 2869 acutis
1306 2825 1470 2880 rigidis.
1500 2825 1646 2867 Petala
1665 2826 1812 2866 erecta

105 2897 382 2943 conniventia
413 2894 678 2948 emarginata
705 2892 751 2934 in
786 2889 1016 2933 lacinulam
1052 2888 1223 2940 longam
1261 2885 1576 2938 induplicatam
1608 2883 1809 2925 infracta.

105 2958 294 3001 Fructus
320 2954 530 2999 ovoideus
553 2956 670 2996 teres
694 2952 949 3005 squamatus
974 2946 1042 2990 vel
1068 2945 1383 2989 tuberculatus.
1409 2941 1666 2997 Mericarpia
1697 2942 1814 2997 jugis
