2065 3236
212 231 283 268 728
963 237 1164 264 nosacnAE.
1659 231 1911 278 Aqrimom'a.

215 313 424 368 elongatis
449 313 626 366 virgatis
652 312 820 354 inferne
847 322 962 364 saepe
987 310 1262 364 interruptis,
1286 311 1443 364 calycis
1469 311 1684 354 fructiferi
1709 313 1814 356 tubo
1839 313 1910 356 ob-

216 373 361 415 conico
387 371 479 414 fere
506 371 560 413 ad
581 370 720 413 basim
744 382 884 425 usque
906 368 1120 423 profunde
1145 369 1310 412 sulcato
1343 369 1548 413 dentibus
1582 370 1722 414 ovatis
1743 383 1914 415 mucro-

217 431 417 533 paihlatlissp
429 430 567 543 sipgini1s
598 429 813 472 uncinatis
851 426 1143 471 exterioribus
1175 428 1489 482 patentissimis
1525 432 1586 474 26.
1616 429 1671 471 Ic.
1697 428 1815 472 Lam.
1843 430 1908 473 Ill.

265 563 369 599 Hah.
391 564 429 598 in
448 561 628 598 dumosis
659 563 697 596 et
748 561 842 596 ratis
860 560 1076 607 praesertim
1104 559 1303 595 montanis
1332 559 1451 595 totius
1473 559 1632 596 ditionis
1651 572 1674 597 a
1692 561 1859 598 Graecia!
1877 565 1915 599 et

216 610 459 646 Macedonia!
479 609 529 644 ad
546 608 700 654 Syriam
735 607 958 651 ittoraleml‚
978 609 1205 642 montanam
1216 607 1256 641 in
1274 605 1424 642 Libano
1444 606 1509 652 (Bl
1521 609 1547 652 l)
1565 610 1603 643 et
1621 609 1845 645 interiorem
1863 610 1913 645 ad

218 657 458 739 FDlarrgssscum
476 655 602 701 (Gaill
615 657 651 701 l),
671 665 780 702 prov.
801 654 1061 699 Caucasicas!,
1079 654 1253 690 Persiam
1280 653 1477 690 borealem
1503 657 1541 690 et
1557 655 1771 691 australem
1789 656 1914 702 (Kyl).

278 768 322 823 β.
356 767 508 821 major.
538 791 592 798 —-
618 766 736 809 Folia
769 766 932 820 majora
970 765 1105 818 magis
1138 765 1324 818 hirsuta,
1362 765 1480 819 spica
1517 765 1708 819 densior,
1745 767 1913 811 fructus

218 829 355 882 major
380 830 423 869 et
446 826 584 869 latior.
614 826 786 868 Minime
812 825 1000 868 varietas
1036 824 1239 867 distincta
1269 823 1348 866 sed
1379 826 1515 868 forma
1541 825 1595 868 ad
1619 829 1774 881 typum
1796 830 1914 869 tran-

219 886 351 928 siens.
374 910 429 917 --
457 885 509 927 A.
538 884 689 928 Groeca
711 884 852 927 Boiss.
883 887 927 927 et
951 883 1102 926 Heldr.
1131 884 1234 927 Mss.

219 959 368 1051 42ΞΙ31).
388 959 429 994 in
454 959 651 994 Parnasso
681 960 718 994 et
743 958 831 994 aliis
870 957 1071 994 montibus
1096 958 1258 994 Graeciae
1284 956 1440 1002 (Heldrl
1470 956 1590 1005 Orph.
1608 958 1665 994 Fl.
1695 959 1818 995 Graec.
1837 970 1917 996 exs.

267 1071 329 1106 Ar.
357 1070 490 1114 Geoqr.
524 1069 670 1104 Insulae
700 1068 959 1105 Canarienses
989 1070 1027 1104 et
1051 1068 1223 1112 Madera,
1241 1068 1400 1115 Europa
1425 1070 1517 1115 tota,
1540 1069 1684 1105 Sibiria
1700 1070 1853 1107 Altaica
1882 1073 1919 1107 et

220 1116 472 1162 Baicalensis,
491 1117 621 1152 Africa
641 1116 811 1152 borealis
831 1117 872 1152 in
889 1126 1008 1162 regno
1026 1116 1231 1152 Tunetano
1248 1115 1450 1161 (Kralikl).

282 1257 324 1298 Ξ.
361 1257 421 1301 A.
454 1254 703 1300 odorata
729 1256 851 1312 (Mill.
881 1257 990 1299 Dict.
1014 1264 1061 1299 n⁰
1089 1256 1134 1311 3)
1155 1256 1302 1298 radice
1328 1269 1415 1299 non
1442 1257 1628 1311 repenti,
1652 1257 1763 1299 foliis
1785 1257 1921 1300 inter-

220 1319 349 1369 rupte
391 1316 582 1370 pinnatis
618 1315 771 1358 foliolis
807 1316 1001 1370 oblongis
1039 1316 1221 1358 serratis
1259 1315 1415 1358 subtus
1452 1315 1579 1358 hirtis
1615 1316 1918 1370 glandulisque

219 1374 399 1417 minutis
422 1375 644 1429 adspersis
664 1374 902 1428 interjectis
929 1373 1170 1418 minoribus
1187 1374 1324 1417 ovatis
1341 1374 1542 1427 dentatis,
1560 1376 1690 1430 spicis
1708 1375 1922 1428 elongatis*

220 1433 400 1486 virgatis
421 1434 687 1485 laxiusculis,
714 1434 870 1488 calycis
892 1433 1103 1476 fructiferi
1134 1433 1238 1476 tubo
1269 1432 1918 1488 hemisphaerica-eampanulato

223 1504 363 1545 usque
384 1492 439 1535 ad
462 1492 653 1535 medium
688 1492 844 1535 leviter
878 1493 1043 1535 sulcato
1071 1492 1275 1537 dentibus
1299 1493 1546 1536 lanceolatis
1571 1493 1691 1547 apice
1715 1492 1919 1536 subunci-

224 1552 348 1603 natis,
375 1552 512 1606 spinis
537 1550 829 1594 exterioribus
847 1552 1158 1605 patentissimis
1181 1551 1443 1595 subressexis
1474 1555 1530 1598 26.
1555 1552 1721 1595 Barrel.
1742 1552 1796 1594 Ic.
1818 1553 1916 1594 611.

225 1633 279 1640 --
305 1611 358 1652 Α.
387 1622 573 1663 procera
599 1610 750 1652 Wallr.
779 1610 904 1652 Linn.
933 1610 1047 1663 XIV,
1067 1623 1107 1665 p.
1133 1612 1230 1653 573.

270 1683 370 1718 Hab.
389 1684 432 1718 in
456 1683 629 1719 Caucaso
649 1686 830 1730 septentr.
850 1687 887 1719 et
903 1684 1029 1720 Iberia
1047 1684 1105 1729 (C.
1123 1685 1167 1720 A.
1189 1684 1308 1731 Mey),
1326 1685 1510 1731 Byzantii
1525 1686 1797 1731 (Coumanyl).

267 1746 330 1782 Ar.
354 1745 484 1792 Geoqr.
503 1746 705 1793 Hispania,
724 1747 846 1791 Italia,
866 1747 1012 1794 Gallia,
1024 1748 1246 1794 Germania,
1265 1748 1404 1794 Dania,
1421 1748 1562 1786 Rossia
1579 1749 1775 1786 australis.

280 1878 320 1919 3.
356 1877 417 1919 A.
451 1888 669 1933 repens
696 1876 839 1932 (Linn.
875 1879 947 1934 Sp.
986 1879 1089 1935 643)
1121 1880 1265 1922 radice
1299 1879 1482 1934 repenti,
1517 1878 1631 1921 foliis
1672 1877 1918 1931 interrupte

219 1936 408 1990 pinnatis
437 1936 592 1979 subtus
616 1937 780 1979 villosis
803 1938 1253 1992 oblongo-lanceolatis
1272 1950 1423 1991 grosse
1444 1943 1488 1980 et
1506 1936 1718 1992 profunde
1737 1936 1918 1979 serratis

219 1995 455 2048 interjectis
500 1995 742 2038 minoribus
782 1997 976 2051 oblongis
1009 1998 1188 2051 integris
1218 1999 1283 2040 vel
1315 1999 1434 2051 apice
1460 1996 1746 2039 2-3-dentatis
1773 1995 1921 2037 termi-

223 2054 308 2095 nali
336 2053 580 2105 subsessili‚
615 2055 1052 2109 spicis·densissimis
1089 2056 1366 2109 abbreviatis,
1391 2056 1547 2110 calycis
1580 2054 1792 2097 fructiferi
1816 2054 1919 2097 tubo

223 2113 522 2165 campanulato
547 2113 601 2156 ad
624 2114 813 2156 medium
841 2127 982 2169 usque
1008 2116 1222 2169 profunde
1252 2115 1416 2158 sulcato
1443 2114 1647 2158 dentibus
1672 2113 1919 2156 lanceolatis

221 2171 342 2224 apice
366 2172 594 2225 uncinatis,
617 2174 754 2227 spinis
780 2174 1070 2217 exterioribus
1095 2174 1270 2217 reflexis
1304 2178 1360 2219 26.

271 2246 372 2282 Hab.
401 2248 442 2282 in
470 2246 643 2283 humidis
672 2248 891 2295 subalpinis
916 2249 1110 2285 Anatoliae
1137 2249 1195 2294 (C.
1226 2251 1269 2285 A.
1297 2249 1427 2295 May),
1457 2247 1653 2284 Armeniae
1671 2246 1844 2282 Turcicae
1871 2245 1920 2281 ad

220 2293 400 2386 ἐόἐὲὶᾷεέὲιιὲ
410 2294 605 2386 ξῗουιᾙῑ),
623 2296 723 2331 circa
740 2296 879 2331 Musch
907 2296 988 2342 (ΚΥ
1008 2307 1088 2331 exs.
1107 2297 1223 2343 4451),
1249 2298 1290 2332 in
1316 2299 1448 2332 monte
1471 2294 1700 2341 Berytdagh
1721 2293 1919 2329 Cataoniae

268 2404 466 2439 Humilior
482 2406 520 2440 et
545 2405 710 2441 crassior
737 2407 784 2441 A.
811 2404 991 2451 odorati,
1022 2406 1117 2442 folia
1134 2407 1364 2443 confertiora
1391 2405 1508 2442 odore
1530 2404 1820 2441 terebinthaceo
1840 2413 1920 2439 non

220 2452 377 2494 donata,
397 2452 544 2487 fructus
560 2452 637 2488 fere
655 2453 789 2499 maj0r.

264 2516 326 2552 Ar.
347 2516 480 2562 Geoqr.
501 2516 707 2563 Hispania.

280 2651 322 2692 4.
359 2650 419 2694 A.
455 2649 689 2693 sororia
711 2648 870 2704 (Fisch.
895 2652 938 2690 et
959 2649 1067 2702 Mey.
1092 2648 1202 2690 Ann.
1234 2647 1299 2689 Sc.
1326 2646 1421 2689 Nat.
1451 2646 1546 2689 Ser.
1573 2645 1626 2697 II,
1658 2646 1724 2696 18,
1749 2657 1788 2698 p.
1815 2644 1920 2700 375)

221 2709 365 2751 radice
387 2721 473 2751 non
499 2709 692 2762 repenti,
722 2707 830 2750 foliis
858 2708 1102 2761 interrupte
1139 2708 1328 2761 pinnatis
1362 2706 1519 2748 foliolis
1548 2704 1741 2757 oblongis
1768 2715 1919 2757 grosse

221 2768 402 2810 serratis
443 2768 597 2810 subtus
636 2767 764 2809 hirtis
805 2766 1044 2820 interJectis
1072 2765 1313 2808 minoribus
1339 2765 1476 2807 ovatis
1510 2763 1692 2816 integris
1729 2763 1797 2804 vel
1825 2763 1921 2804 2-3-

221 2827 408 2869 dentatis
456 2826 673 2869 terminali
722 2825 965 2875 subsessili‚
1015 2825 1145 2879 spicis
1187 2824 1397 2877 elongatis
1442 2822 1621 2876 virgatis
1668 2821 1918 2874 laxissimis,

216 2885 373 2938 calycis
400 2886 611 2928 fructiferi
640 2884 743 2928 tubo
773 2884 1178 2927 obovato-obconico
1215 2883 1346 2925 sulcis
1376 2894 1532 2936 parum
1568 2880 1795 2935 profundis
1830 2879 1920 2921 fere

217 2956 358 2998 usque
380 2945 433 2986 ad
460 2945 582 2987 basin
600 2947 744 2986 notato
769 2943 973 2986 dentibus
997 2941 1485 2995 ovato-triangularibus
1502 2939 1688 2992 muticis,
1707 2939 1811 2981 setis
1833 2950 1922 2981 om·

223 3003 351 3045 nibus
374 3005 556 3046 arrectis
584 3007 640 3048 2⁴.
