<?xml version="1.0" encoding="UTF-8"?>
<!DOCTYPE html PUBLIC "-//W3C//DTD XHTML 1.0 Transitional//EN"
    "http://www.w3.org/TR/xhtml1/DTD/xhtml1-transitional.dtd">
<html xmlns="http://www.w3.org/1999/xhtml" xml:lang="en" lang="en">
 <head>
  <title>
</title>
<meta http-equiv="Content-Type" content="text/html;charset=utf-8" />
  <meta name='ocr-system' content='tesseract 3.04.00' />
  <meta name='ocr-capabilities' content='ocr_page ocr_carea ocr_par ocr_line ocrx_word'/>
</head>
<body>
  <div class='ocr_page' id='page_1' title='image "./floraorientaliss02bois_0964.png"; bbox 0 0 1994 3211; ppageno 0'>
   <div class='ocr_carea' id='block_1_1' title="bbox 77 193 1777 242">
    <p class='ocr_par' dir='ltr' id='par_1_1' title="bbox 77 193 1777 242">
     <span class='ocr_line' id='line_1_1' title="bbox 77 193 1777 242; baseline 0 -13"><span class='ocrx_word' id='word_1_1' title='bbox 77 194 149 229; x_wconf 76' lang='lat'>954</span> <span class='ocrx_word' id='word_1_2' title='bbox 777 204 1084 231; x_wconf 78' lang='lat' dir='ltr'><strong>UMBELLIFERAE.</strong></span> <span class='ocrx_word' id='word_1_3' title='bbox 1513 193 1777 242; x_wconf 77' lang='lat' dir='ltr'>Pycnocycla.</span> 
     </span>
    </p>
   </div>
   <div class='ocr_carea' id='block_1_2' title="bbox 83 274 1781 388">
    <p class='ocr_par' dir='ltr' id='par_1_2' title="bbox 83 274 1781 388">
     <span class='ocr_line' id='line_1_2' title="bbox 84 274 1780 331; baseline -0.001 -13"><span class='ocrx_word' id='word_1_4' title='bbox 84 276 183 318; x_wconf 84' lang='lat' dir='ltr'>trali</span> <span class='ocrx_word' id='word_1_5' title='bbox 209 275 392 327; x_wconf 82' lang='lat' dir='ltr'>oblongo</span> <span class='ocrx_word' id='word_1_6' title='bbox 434 275 812 329; x_wconf 79' lang='lat' dir='ltr'>sublongioribus‚</span> <span class='ocrx_word' id='word_1_7' title='bbox 850 275 1054 319; x_wconf 87' lang='lat' dir='ltr'>dentibus</span> <span class='ocrx_word' id='word_1_8' title='bbox 1092 276 1249 331; x_wconf 85' lang='lat' dir='ltr'>calycis</span> <span class='ocrx_word' id='word_1_9' title='bbox 1290 274 1635 329; x_wconf 80' lang='lat' dir='ltr'>triangularibus</span> <span class='ocrx_word' id='word_1_10' title='bbox 1678 275 1780 317; x_wconf 90' lang='lat' dir='ltr'>bre-</span> 
     </span>
     <span class='ocr_line' id='line_1_3' title="bbox 83 333 1781 388; baseline 0 -13"><span class='ocrx_word' id='word_1_11' title='bbox 83 334 276 377; x_wconf 90' lang='lat' dir='ltr'>vissimis</span> <span class='ocrx_word' id='word_1_12' title='bbox 311 337 369 378; x_wconf 74' lang='lat'>26.</span> <span class='ocrx_word' id='word_1_13' title='bbox 396 334 708 388; x_wconf 73' lang='lat' dir='ltr'>Eehinophora</span> <span class='ocrx_word' id='word_1_14' title='bbox 735 333 1021 387; x_wconf 57' lang='lat' dir='ltr'>flabellisolia</span> <span class='ocrx_word' id='word_1_15' title='bbox 1057 334 1198 378; x_wconf 91' lang='lat' dir='ltr'>Boiss.</span> <span class='ocrx_word' id='word_1_16' title='bbox 1240 334 1352 378; x_wconf 90' lang='lat' dir='ltr'>Ann.</span> <span class='ocrx_word' id='word_1_17' title='bbox 1389 334 1454 377; x_wconf 86' lang='lat' dir='ltr'>Sc.</span> <span class='ocrx_word' id='word_1_18' title='bbox 1502 333 1597 376; x_wconf 83' lang='lat' dir='ltr'>Nat.</span> <span class='ocrx_word' id='word_1_19' title='bbox 1651 335 1781 387; x_wconf 71' lang='lat'><strong>1844,</strong></span> 
     </span>
    </p>
   </div>
   <div class='ocr_carea' id='block_1_3' title="bbox 80 394 1782 513">
    <p class='ocr_par' dir='ltr' id='par_1_3' title="bbox 80 394 1782 513">
     <span class='ocr_line' id='line_1_4' title="bbox 113 394 217 435; baseline 0 -1"><span class='ocrx_word' id='word_1_20' title='bbox 113 427 120 434; x_wconf 94' lang='lat'>.</span> <span class='ocrx_word' id='word_1_21' title='bbox 150 394 217 435; x_wconf 65' lang='lat'>9⁹2.</span> 
     </span>
     <span class='ocr_line' id='line_1_5' title="bbox 80 406 1782 513; baseline 0.001 -13"><span class='ocrx_word' id='word_1_22' title='bbox 80 406 108 446; x_wconf 81' lang='lat' dir='ltr'>p</span> <span class='ocrx_word' id='word_1_23' title='bbox 129 466 230 501; x_wconf 82' lang='lat' dir='ltr'>Hah.</span> <span class='ocrx_word' id='word_1_24' title='bbox 246 466 285 501; x_wconf 88' lang='lat' dir='ltr'>in</span> <span class='ocrx_word' id='word_1_25' title='bbox 301 466 435 502; x_wconf 58' lang='lat' dir='ltr'>Persia</span> <span class='ocrx_word' id='word_1_26' title='bbox 447 466 590 511; x_wconf 86' lang='lat' dir='ltr'>(Auch.</span> <span class='ocrx_word' id='word_1_27' title='bbox 604 473 646 501; x_wconf 91' lang='lat' dir='ltr'>n⁰</span> <span class='ocrx_word' id='word_1_28' title='bbox 659 466 800 513; x_wconf 73' lang='lat'>37611),</span> <span class='ocrx_word' id='word_1_29' title='bbox 818 466 857 502; x_wconf 92' lang='lat' dir='ltr'>in</span> <span class='ocrx_word' id='word_1_30' title='bbox 871 466 1091 513; x_wconf 83' lang='lat' dir='ltr'>subalpinis</span> <span class='ocrx_word' id='word_1_31' title='bbox 1106 467 1157 503; x_wconf 82' lang='lat' dir='ltr'>ad</span> <span class='ocrx_word' id='word_1_32' title='bbox 1171 466 1332 502; x_wconf 86' lang='lat' dir='ltr'>Kirrind</span> <span class='ocrx_word' id='word_1_33' title='bbox 1344 467 1489 502; x_wconf 84' lang='lat' dir='ltr'>Persiae</span> <span class='ocrx_word' id='word_1_34' title='bbox 1504 465 1620 502; x_wconf 87' lang='lat' dir='ltr'>occid.</span> <span class='ocrx_word' id='word_1_35' title='bbox 1634 466 1688 510; x_wconf 86' lang='lat' dir='ltr'>(N</span> <span class='ocrx_word' id='word_1_36' title='bbox 1689 468 1733 502; x_wconf 81' lang='lat' dir='ltr'>oe&#39;</span> <span class='ocrx_word' id='word_1_37' title='bbox 1743 467 1782 510; x_wconf 75' lang='lat' dir='ltr'>l).</span> 
     </span>
    </p>
   </div>
   <div class='ocr_carea' id='block_1_4' title="bbox 80 529 1787 672">
    <p class='ocr_par' dir='ltr' id='par_1_4' title="bbox 80 529 1787 672">
     <span class='ocr_line' id='line_1_6' title="bbox 129 529 1783 578; baseline 0 -14"><span class='ocrx_word' id='word_1_38' title='bbox 129 530 285 576; x_wconf 80' lang='lat' dir='ltr'>Species</span> <span class='ocrx_word' id='word_1_39' title='bbox 300 531 451 565; x_wconf 87' lang='lat' dir='ltr'>curiosa</span> <span class='ocrx_word' id='word_1_40' title='bbox 470 532 580 577; x_wconf 78' lang='lat' dir='ltr'>quus</span> <span class='ocrx_word' id='word_1_41' title='bbox 599 531 812 577; x_wconf 83' lang='lat' dir='ltr'>specimina</span> <span class='ocrx_word' id='word_1_42' title='bbox 840 530 1076 578; x_wconf 82' lang='lat' dir='ltr'>incompleta</span> <span class='ocrx_word' id='word_1_43' title='bbox 1093 531 1248 566; x_wconf 83' lang='lat' dir='ltr'>tantum</span> <span class='ocrx_word' id='word_1_44' title='bbox 1267 530 1361 576; x_wconf 89' lang='lat' dir='ltr'>vidi,</span> <span class='ocrx_word' id='word_1_45' title='bbox 1379 529 1475 566; x_wconf 84' lang='lat' dir='ltr'>folia</span> <span class='ocrx_word' id='word_1_46' title='bbox 1493 529 1681 565; x_wconf 81' lang='lat' dir='ltr'>radicalia</span> <span class='ocrx_word' id='word_1_47' title='bbox 1699 529 1783 565; x_wconf 79' lang='grc'><strong>2-3-</strong></span> 
     </span>
     <span class='ocr_line' id='line_1_7' title="bbox 80 577 1787 624; baseline 0 -12"><span class='ocrx_word' id='word_1_48' title='bbox 80 577 177 624; x_wconf 87' lang='lat' dir='ltr'>poll.</span> <span class='ocrx_word' id='word_1_49' title='bbox 196 577 316 622; x_wconf 82' lang='lat' dir='ltr'>longa</span> <span class='ocrx_word' id='word_1_50' title='bbox 333 578 393 612; x_wconf 90' lang='grc'>1-1</span> <span class='ocrx_word' id='word_1_51' title='bbox 419 578 459 622; x_wconf 69' lang='lat' dir='ltr'>¹s2</span> <span class='ocrx_word' id='word_1_52' title='bbox 478 578 555 613; x_wconf 79' lang='lat' dir='ltr'>lata</span> <span class='ocrx_word' id='word_1_53' title='bbox 599 578 662 613; x_wconf 87' lang='lat' dir='ltr'>lus</span> <span class='ocrx_word' id='word_1_54' title='bbox 680 579 814 614; x_wconf 89' lang='lat' dir='ltr'>minus</span> <span class='ocrx_word' id='word_1_55' title='bbox 844 578 960 623; x_wconf 84' lang='lat' dir='ltr'>longe</span> <span class='ocrx_word' id='word_1_56' title='bbox 978 577 1164 624; x_wconf 84' lang='lat' dir='ltr'>petiolata</span> <span class='ocrx_word' id='word_1_57' title='bbox 1194 577 1310 613; x_wconf 86' lang='lat' dir='ltr'>valde</span> <span class='ocrx_word' id='word_1_58' title='bbox 1337 578 1519 622; x_wconf 83' lang='lat' dir='ltr'>coriacea‚</span> <span class='ocrx_word' id='word_1_59' title='bbox 1537 577 1787 623; x_wconf 83' lang='lat' dir='ltr'>pedunculus</span> 
     </span>
     <span class='ocr_line' id='line_1_8' title="bbox 81 623 1186 672; baseline 0 -14"><span class='ocrx_word' id='word_1_60' title='bbox 81 624 171 659; x_wconf 84' lang='lat'>5-10</span> <span class='ocrx_word' id='word_1_61' title='bbox 188 623 313 659; x_wconf 86' lang='lat' dir='ltr'>lineas</span> <span class='ocrx_word' id='word_1_62' title='bbox 332 624 484 670; x_wconf 83' lang='lat' dir='ltr'>longus,</span> <span class='ocrx_word' id='word_1_63' title='bbox 505 635 571 660; x_wconf 89' lang='lat' dir='ltr'>um</span> <span class='ocrx_word' id='word_1_64' title='bbox 602 625 680 660; x_wconf 81' lang='lat' dir='ltr'>ella</span> <span class='ocrx_word' id='word_1_65' title='bbox 698 625 851 660; x_wconf 76' lang='lat' dir='ltr'>minuta</span> <span class='ocrx_word' id='word_1_66' title='bbox 868 625 1186 672; x_wconf 81' lang='lat' dir='ltr'>praecedentium.</span> 
     </span>
    </p>
   </div>
   <div class='ocr_carea' id='block_1_5' title="bbox 389 805 1488 849">
    <p class='ocr_par' dir='ltr' id='par_1_5' title="bbox 389 805 1488 849">
     <span class='ocr_line' id='line_1_9' title="bbox 389 805 1488 849; baseline -0.002 0"><span class='ocrx_word' id='word_1_67' title='bbox 389 808 468 849; x_wconf 69' lang='lat' dir='ltr'>Tu.</span> <span class='ocrx_word' id='word_1_68' title='bbox 505 807 598 848; x_wconf 86' lang='lat' dir='ltr'>VII.</span> <span class='ocrx_word' id='word_1_69' title='bbox 644 805 982 849; x_wconf 87' lang='lat' dir='ltr'><strong>SESELINEAE.</strong></span> <span class='ocrx_word' id='word_1_70' title='bbox 1028 805 1147 848; x_wconf 81' lang='lat' dir='ltr'>Koch</span> <span class='ocrx_word' id='word_1_71' title='bbox 1172 805 1356 848; x_wconf 87' lang='lat' dir='ltr'>Umbell.</span> <span class='ocrx_word' id='word_1_72' title='bbox 1393 806 1488 847; x_wconf 75' lang='lat'>102.</span> 
     </span>
    </p>
   </div>
   <div class='ocr_carea' id='block_1_6' title="bbox 84 914 1792 1029">
    <p class='ocr_par' dir='ltr' id='par_1_6' title="bbox 84 914 1792 1029">
     <span class='ocr_line' id='line_1_10' title="bbox 144 914 1792 971; baseline -0.002 -12"><span class='ocrx_word' id='word_1_73' title='bbox 144 917 354 959; x_wconf 84' lang='lat' dir='ltr'>Umbellae</span> <span class='ocrx_word' id='word_1_74' title='bbox 376 917 635 971; x_wconf 70' lang='lat' dir='ltr'>compositae.</span> <span class='ocrx_word' id='word_1_75' title='bbox 662 916 850 958; x_wconf 86' lang='lat' dir='ltr'>Fructus</span> <span class='ocrx_word' id='word_1_76' title='bbox 869 919 987 958; x_wconf 86' lang='lat' dir='ltr'>teres</span> <span class='ocrx_word' id='word_1_77' title='bbox 1006 916 1075 958; x_wconf 84' lang='lat' dir='ltr'>vel</span> <span class='ocrx_word' id='word_1_78' title='bbox 1093 914 1419 957; x_wconf 82' lang='lat' dir='ltr'>teretiusculus.</span> <span class='ocrx_word' id='word_1_79' title='bbox 1448 914 1473 956; x_wconf 87' lang='lat' dir='ltr'><strong>J</strong></span> <span class='ocrx_word' id='word_1_80' title='bbox 1477 927 1559 967; x_wconf 81' lang='lat' dir='ltr'>uga</span> <span class='ocrx_word' id='word_1_81' title='bbox 1577 914 1792 957; x_wconf 84' lang='lat' dir='ltr'>secunda-</span> 
     </span>
     <span class='ocr_line' id='line_1_11' title="bbox 84 974 1549 1029; baseline -0.003 -10"><span class='ocrx_word' id='word_1_82' title='bbox 84 978 148 1020; x_wconf 87' lang='lat' dir='ltr'>ria</span> <span class='ocrx_word' id='word_1_83' title='bbox 172 977 308 1019; x_wconf 81' lang='lat' dir='ltr'>nulla.</span> <span class='ocrx_word' id='word_1_84' title='bbox 338 977 555 1018; x_wconf 85' lang='lat' dir='ltr'>Albumen</span> <span class='ocrx_word' id='word_1_85' title='bbox 578 976 684 1017; x_wconf 88' lang='lat' dir='ltr'>facie</span> <span class='ocrx_word' id='word_1_86' title='bbox 705 974 904 1017; x_wconf 88' lang='lat' dir='ltr'>interiori</span> <span class='ocrx_word' id='word_1_87' title='bbox 928 975 1105 1029; x_wconf 88' lang='lat' dir='ltr'>planum</span> <span class='ocrx_word' id='word_1_88' title='bbox 1133 974 1278 1016; x_wconf 86' lang='lat' dir='ltr'>rarius</span> <span class='ocrx_word' id='word_1_89' title='bbox 1301 985 1549 1016; x_wconf 86' lang='lat' dir='ltr'>concavum.</span> 
     </span>
    </p>
   </div>
   <div class='ocr_carea' id='block_1_7' title="bbox 453 1131 1438 1187">
    <p class='ocr_par' dir='ltr' id='par_1_7' title="bbox 453 1131 1438 1187">
     <span class='ocr_line' id='line_1_12' title="bbox 453 1131 1438 1187; baseline -0.002 -11"><span class='ocrx_word' id='word_1_90' title='bbox 453 1135 671 1177; x_wconf 75' lang='lat' dir='ltr'>Generum</span> <span class='ocrx_word' id='word_1_91' title='bbox 693 1133 984 1177; x_wconf 74' lang='lat' dir='ltr'>Orientalium</span> <span class='ocrx_word' id='word_1_92' title='bbox 1011 1133 1170 1178; x_wconf 67' lang='lat' dir='ltr'>Tribzts</span> <span class='ocrx_word' id='word_1_93' title='bbox 1192 1131 1438 1187; x_wconf 78' lang='lat' dir='ltr'>dispositio.</span> 
     </span>
    </p>
   </div>
   <div class='ocr_carea' id='block_1_8' title="bbox 87 1240 1797 1487">
    <p class='ocr_par' dir='ltr' id='par_1_8' title="bbox 87 1240 1797 1487">
     <span class='ocr_line' id='line_1_13' title="bbox 87 1240 1794 1299; baseline -0.002 -12"><span class='ocrx_word' id='word_1_94' title='bbox 87 1245 112 1268; x_wconf 40' lang='grc' dir='ltr'>ἦ</span> <span class='ocrx_word' id='word_1_95' title='bbox 173 1242 378 1287; x_wconf 85' lang='lat' dir='ltr'>Petala</span> <span class='ocrx_word' id='word_1_96' title='bbox 423 1253 510 1287; x_wconf 85' lang='lat' dir='ltr'>em</span> <span class='ocrx_word' id='word_1_97' title='bbox 519 1243 801 1299; x_wconf 70' lang='lat' dir='ltr'>arginata</span> <span class='ocrx_word' id='word_1_98' title='bbox 849 1243 945 1287; x_wconf 81' lang='lat' dir='ltr'>vel</span> <span class='ocrx_word' id='word_1_99' title='bbox 991 1242 1194 1286; x_wconf 85' lang='lat' dir='ltr'>biloba</span> <span class='ocrx_word' id='word_1_100' title='bbox 1237 1242 1301 1285; x_wconf 89' lang='lat' dir='ltr'>in</span> <span class='ocrx_word' id='word_1_101' title='bbox 1344 1240 1670 1285; x_wconf 85' lang='lat' dir='ltr'>lacinulam</span> <span class='ocrx_word' id='word_1_102' title='bbox 1706 1240 1794 1283; x_wconf 89' lang='lat' dir='ltr'>in-</span> 
     </span>
     <span class='ocr_line' id='line_1_14' title="bbox 562 1301 1309 1353; baseline -0.001 -8"><span class='ocrx_word' id='word_1_103' title='bbox 562 1302 780 1345; x_wconf 81' lang='lat' dir='ltr'>flexam</span> <span class='ocrx_word' id='word_1_104' title='bbox 808 1304 1126 1353; x_wconf 82' lang='lat' dir='ltr'>coarctata,</span> <span class='ocrx_word' id='word_1_105' title='bbox 1156 1301 1309 1345; x_wconf 84' lang='lat' dir='ltr'>alba.</span> 
     </span>
     <span class='ocr_line' id='line_1_15' title="bbox 99 1389 1797 1440; baseline -0.003 -10"><span class='ocrx_word' id='word_1_106' title='bbox 99 1394 384 1440; x_wconf 78' lang='lat' dir='ltr'>Tkeeoearpus,</span> <span class='ocrx_word' id='word_1_107' title='bbox 407 1392 617 1437; x_wconf 69' lang='lat' dir='ltr'>OEnaretlze,</span> <span class='ocrx_word' id='word_1_108' title='bbox 636 1391 960 1436; x_wconf 73' lang='lat' dir='ltr'>Hausskneehtia,</span> <span class='ocrx_word' id='word_1_109' title='bbox 982 1391 1159 1436; x_wconf 77' lang='lat' dir='ltr'>OEthusa,</span> <span class='ocrx_word' id='word_1_110' title='bbox 1177 1392 1307 1435; x_wconf 49' lang='lat' dir='ltr'>Sese&amp;</span> <span class='ocrx_word' id='word_1_111' title='bbox 1327 1390 1640 1436; x_wconf 79' lang='lat' dir='ltr'>Sclerochorton‚</span> <span class='ocrx_word' id='word_1_112' title='bbox 1666 1389 1797 1426; x_wconf 78' lang='lat' dir='ltr'>Atha-</span> 
     </span>
     <span class='ocr_line' id='line_1_16' title="bbox 331 1439 1476 1487; baseline -0.002 -11"><span class='ocrx_word' id='word_1_113' title='bbox 331 1440 511 1484; x_wconf 74' lang='lat' dir='ltr'>mantha,</span> <span class='ocrx_word' id='word_1_114' title='bbox 532 1440 724 1484; x_wconf 72' lang='lat' dir='ltr'>Cnidium,</span> <span class='ocrx_word' id='word_1_115' title='bbox 743 1439 1003 1487; x_wconf 53' lang='lat' dir='ltr'>amnicum,</span> <span class='ocrx_word' id='word_1_116' title='bbox 1020 1439 1168 1484; x_wconf 83' lang='lat' dir='ltr'>Meum,</span> <span class='ocrx_word' id='word_1_117' title='bbox 1188 1439 1476 1487; x_wconf 80' lang='lat' dir='ltr'>Cenolophium.</span> 
     </span>
    </p>
   </div>
   <div class='ocr_carea' id='block_1_9' title="bbox 89 1553 1798 1667">
    <p class='ocr_par' dir='ltr' id='par_1_9' title="bbox 89 1553 1798 1667">
     <span class='ocr_line' id='line_1_17' title="bbox 89 1553 1798 1613; baseline -0.003 -12"><span class='ocrx_word' id='word_1_118' title='bbox 89 1560 114 1583; x_wconf 39' lang='grc' dir='ltr'>ἦ</span> <span class='ocrx_word' id='word_1_119' title='bbox 148 1560 172 1582; x_wconf 69' lang='lat'>÷÷</span> <span class='ocrx_word' id='word_1_120' title='bbox 203 1558 408 1601; x_wconf 83' lang='lat' dir='ltr'>Petala</span> <span class='ocrx_word' id='word_1_121' title='bbox 433 1557 687 1613; x_wconf 67' lang='lat' dir='ltr'>integra,</span> <span class='ocrx_word' id='word_1_122' title='bbox 711 1556 808 1600; x_wconf 86' lang='lat' dir='ltr'>vel</span> <span class='ocrx_word' id='word_1_123' title='bbox 832 1557 1157 1600; x_wconf 81' lang='lat' dir='ltr'>subretusa</span> <span class='ocrx_word' id='word_1_124' title='bbox 1177 1556 1344 1611; x_wconf 83' lang='lat' dir='ltr'>apice</span> <span class='ocrx_word' id='word_1_125' title='bbox 1364 1554 1603 1605; x_wconf 81' lang='lat' dir='ltr'>inflexa,</span> <span class='ocrx_word' id='word_1_126' title='bbox 1629 1553 1798 1597; x_wconf 81' lang='lat' dir='ltr'>lutea</span> 
     </span>
     <span class='ocr_line' id='line_1_18' title="bbox 786 1623 1107 1667; baseline -0.003 0"><span class='ocrx_word' id='word_1_127' title='bbox 786 1635 927 1667; x_wconf 82' lang='lat' dir='ltr'>raro</span> <span class='ocrx_word' id='word_1_128' title='bbox 957 1623 1107 1667; x_wconf 85' lang='lat' dir='ltr'>alba.</span> 
     </span>
    </p>
   </div>
   <div class='ocr_carea' id='block_1_10' title="bbox 92 1713 1087 1762">
    <p class='ocr_par' dir='ltr' id='par_1_10' title="bbox 92 1713 1087 1762">
     <span class='ocr_line' id='line_1_19' title="bbox 92 1713 1087 1762; baseline -0.005 -8"><span class='ocrx_word' id='word_1_129' title='bbox 92 1717 238 1762; x_wconf 81' lang='lat' dir='ltr'>Silaus,</span> <span class='ocrx_word' id='word_1_130' title='bbox 259 1716 515 1760; x_wconf 78' lang='lat' dir='ltr'>Foem&#39;culum,</span> <span class='ocrx_word' id='word_1_131' title='bbox 533 1714 835 1759; x_wconf 80' lang='lat' dir='ltr'>Kundmannia,</span> <span class='ocrx_word' id='word_1_132' title='bbox 859 1713 1087 1750; x_wconf 78' lang='lat' dir='ltr'>Crz&#39;tlzmum.</span> 
     </span>
    </p>
   </div>
   <div class='ocr_carea' id='block_1_11' title="bbox 818 1838 1077 1845">
    <p class='ocr_par' dir='ltr' id='par_1_11' title="bbox 818 1838 1077 1845">
     <span class='ocr_line' id='line_1_20' title="bbox 818 1838 1077 1845; baseline 0 1366"><span class='ocrx_word' id='word_1_133' title='bbox 818 1838 1077 1845; x_wconf 95' lang='lat' dir='ltr'> </span> 
     </span>
    </p>
   </div>
   <div class='ocr_carea' id='block_1_12' title="bbox 325 1975 1570 2038">
    <p class='ocr_par' dir='ltr' id='par_1_12' title="bbox 325 1975 1570 2038">
     <span class='ocr_line' id='line_1_21' title="bbox 325 1975 1570 2038; baseline -0.003 -13"><span class='ocrx_word' id='word_1_134' title='bbox 325 1976 688 2029; x_wconf 74' lang='lat' dir='ltr'>THECOCARPUS</span> <span class='ocrx_word' id='word_1_135' title='bbox 712 1977 866 2033; x_wconf 82' lang='lat' dir='ltr'>(Boiss.</span> <span class='ocrx_word' id='word_1_136' title='bbox 896 1977 998 2024; x_wconf 82' lang='lat' dir='ltr'>Ann.</span> <span class='ocrx_word' id='word_1_137' title='bbox 1022 1977 1087 2024; x_wconf 84' lang='lat' dir='ltr'>Sc.</span> <span class='ocrx_word' id='word_1_138' title='bbox 1113 1977 1208 2024; x_wconf 87' lang='lat' dir='ltr'>Nat.</span> <span class='ocrx_word' id='word_1_139' title='bbox 1237 1975 1369 2034; x_wconf 68' lang='lat'><strong>1844,</strong></span> <span class='ocrx_word' id='word_1_140' title='bbox 1406 1991 1444 2038; x_wconf 80' lang='lat' dir='ltr'>p.</span> <span class='ocrx_word' id='word_1_141' title='bbox 1479 1975 1570 2038; x_wconf 77' lang='lat'>93).</span> 
     </span>
    </p>
   </div>
   <div class='ocr_carea' id='block_1_13' title="bbox 90 2090 1805 2679">
    <p class='ocr_par' dir='ltr' id='par_1_13' title="bbox 90 2090 1805 2679">
     <span class='ocr_line' id='line_1_22' title="bbox 157 2090 1799 2148; baseline -0.002 -12"><span class='ocrx_word' id='word_1_142' title='bbox 157 2094 291 2148; x_wconf 84' lang='lat' dir='ltr'>Calyx</span> <span class='ocrx_word' id='word_1_143' title='bbox 320 2094 584 2136; x_wconf 83' lang='lat' dir='ltr'>5-dentatus.</span> <span class='ocrx_word' id='word_1_144' title='bbox 618 2093 765 2135; x_wconf 88' lang='lat' dir='ltr'>Petala</span> <span class='ocrx_word' id='word_1_145' title='bbox 792 2092 973 2134; x_wconf 88' lang='lat' dir='ltr'>obovata</span> <span class='ocrx_word' id='word_1_146' title='bbox 996 2092 1260 2146; x_wconf 84' lang='lat' dir='ltr'>emarginata</span> <span class='ocrx_word' id='word_1_147' title='bbox 1287 2104 1385 2134; x_wconf 85' lang='lat' dir='ltr'>cum</span> <span class='ocrx_word' id='word_1_148' title='bbox 1413 2090 1599 2132; x_wconf 79' lang='lat' dir='ltr'>lacinula</span> <span class='ocrx_word' id='word_1_149' title='bbox 1621 2090 1799 2132; x_wconf 72' lang='lat' dir='ltr'>inflexa.</span> 
     </span>
     <span class='ocr_line' id='line_1_23' title="bbox 96 2150 1799 2205; baseline -0.004 -8"><span class='ocrx_word' id='word_1_150' title='bbox 96 2155 283 2197; x_wconf 82' lang='lat' dir='ltr'>Fructus</span> <span class='ocrx_word' id='word_1_151' title='bbox 316 2153 451 2195; x_wconf 85' lang='lat' dir='ltr'>crassi</span> <span class='ocrx_word' id='word_1_152' title='bbox 480 2151 1022 2205; x_wconf 85' lang='lat' dir='ltr'>cylindrico-urnaeformes</span> <span class='ocrx_word' id='word_1_153' title='bbox 1056 2155 1180 2205; x_wconf 85' lang='lat' dir='ltr'>parte</span> <span class='ocrx_word' id='word_1_154' title='bbox 1200 2150 1395 2194; x_wconf 87' lang='lat' dir='ltr'>inferiori</span> <span class='ocrx_word' id='word_1_155' title='bbox 1417 2151 1532 2192; x_wconf 89' lang='lat' dir='ltr'>inter</span> <span class='ocrx_word' id='word_1_156' title='bbox 1557 2160 1603 2190; x_wconf 91' lang='lat' dir='ltr'>se</span> <span class='ocrx_word' id='word_1_157' title='bbox 1631 2152 1674 2190; x_wconf 90' lang='lat' dir='ltr'>et</span> <span class='ocrx_word' id='word_1_158' title='bbox 1699 2161 1799 2191; x_wconf 89' lang='lat' dir='ltr'>cum</span> 
     </span>
     <span class='ocr_line' id='line_1_24' title="bbox 96 2206 1801 2268; baseline -0.004 -13"><span class='ocrx_word' id='word_1_159' title='bbox 96 2212 320 2268; x_wconf 84' lang='lat' dir='ltr'>pcdicellis</span> <span class='ocrx_word' id='word_1_160' title='bbox 339 2212 495 2254; x_wconf 86' lang='lat' dir='ltr'>florum</span> <span class='ocrx_word' id='word_1_161' title='bbox 511 2211 779 2253; x_wconf 84' lang='lat' dir='ltr'>exteriorum</span> <span class='ocrx_word' id='word_1_162' title='bbox 797 2210 1011 2253; x_wconf 87' lang='lat' dir='ltr'>sterilium</span> <span class='ocrx_word' id='word_1_163' title='bbox 1031 2209 1305 2264; x_wconf 82' lang='lat' dir='ltr'>bracteisque</span> <span class='ocrx_word' id='word_1_164' title='bbox 1322 2208 1572 2252; x_wconf 87' lang='lat' dir='ltr'>involucelli</span> <span class='ocrx_word' id='word_1_165' title='bbox 1594 2206 1801 2261; x_wconf 81' lang='lat' dir='ltr'>concreti,</span> 
     </span>
     <span class='ocr_line' id='line_1_25' title="bbox 97 2266 1802 2325; baseline -0.004 -11"><span class='ocrx_word' id='word_1_166' title='bbox 97 2271 367 2325; x_wconf 85' lang='lat' dir='ltr'>mericarpiis</span> <span class='ocrx_word' id='word_1_167' title='bbox 398 2283 482 2313; x_wconf 91' lang='lat' dir='ltr'>non</span> <span class='ocrx_word' id='word_1_168' title='bbox 514 2270 844 2324; x_wconf 82' lang='lat' dir='ltr'>separabilibus.</span> <span class='ocrx_word' id='word_1_169' title='bbox 884 2269 1180 2322; x_wconf 84' lang='lat' dir='ltr'>Pericarpium</span> <span class='ocrx_word' id='word_1_170' title='bbox 1217 2269 1470 2311; x_wconf 81' lang='lat' dir='ltr'>induratum</span> <span class='ocrx_word' id='word_1_171' title='bbox 1496 2266 1802 2320; x_wconf 83' lang='lat' dir='ltr'>sublignosum</span> 
     </span>
     <span class='ocr_line' id='line_1_26' title="bbox 90 2324 1800 2386; baseline -0.005 -12"><span class='ocrx_word' id='word_1_172' title='bbox 90 2331 208 2386; x_wconf 82' lang='lat' dir='ltr'>jugis</span> <span class='ocrx_word' id='word_1_173' title='bbox 226 2333 270 2373; x_wconf 91' lang='lat' dir='ltr'>et</span> <span class='ocrx_word' id='word_1_174' title='bbox 286 2330 407 2372; x_wconf 88' lang='lat' dir='ltr'>vittis</span> <span class='ocrx_word' id='word_1_175' title='bbox 423 2329 643 2372; x_wconf 86' lang='lat' dir='ltr'>obsoletis.</span> <span class='ocrx_word' id='word_1_176' title='bbox 676 2328 833 2371; x_wconf 85' lang='lat' dir='ltr'>Semen</span> <span class='ocrx_word' id='word_1_177' title='bbox 852 2328 987 2370; x_wconf 83' lang='lat' dir='ltr'>latere</span> <span class='ocrx_word' id='word_1_178' title='bbox 1003 2328 1200 2370; x_wconf 87' lang='lat' dir='ltr'>interiori</span> <span class='ocrx_word' id='word_1_179' title='bbox 1219 2328 1553 2370; x_wconf 88' lang='lat' dir='ltr'>subconcavum.</span> <span class='ocrx_word' id='word_1_180' title='bbox 1575 2349 1628 2354; x_wconf 92' lang='lat'><strong>—</strong></span> <span class='ocrx_word' id='word_1_181' title='bbox 1654 2324 1800 2366; x_wconf 85' lang='lat' dir='ltr'>Herba</span> 
     </span>
     <span class='ocr_line' id='line_1_27' title="bbox 95 2382 1803 2445; baseline -0.005 -13"><span class='ocrx_word' id='word_1_182' title='bbox 95 2388 316 2445; x_wconf 80' lang='lat' dir='ltr'>perennis,</span> <span class='ocrx_word' id='word_1_183' title='bbox 335 2388 521 2431; x_wconf 86' lang='lat' dir='ltr'>floribus</span> <span class='ocrx_word' id='word_1_184' title='bbox 540 2388 664 2439; x_wconf 86' lang='lat' dir='ltr'>albis,</span> <span class='ocrx_word' id='word_1_185' title='bbox 682 2388 788 2429; x_wconf 83' lang='lat' dir='ltr'>facie</span> <span class='ocrx_word' id='word_1_186' title='bbox 806 2385 1142 2439; x_wconf 67' lang='lat' dir='ltr'>Echinophoroe.</span> <span class='ocrx_word' id='word_1_187' title='bbox 1160 2412 1214 2417; x_wconf 97' lang='lat'>—</span> <span class='ocrx_word' id='word_1_188' title='bbox 1243 2385 1391 2428; x_wconf 90' lang='lat' dir='ltr'>Genus</span> <span class='ocrx_word' id='word_1_189' title='bbox 1412 2384 1466 2427; x_wconf 87' lang='lat' dir='ltr'>ab</span> <span class='ocrx_word' id='word_1_190' title='bbox 1486 2382 1803 2435; x_wconf 68' lang='lat' dir='ltr'>Echiwoplzorc&#39;i</span> 
     </span>
     <span class='ocr_line' id='line_1_28' title="bbox 94 2442 1800 2502; baseline -0.004 -12"><span class='ocrx_word' id='word_1_191' title='bbox 94 2449 163 2492; x_wconf 92' lang='lat' dir='ltr'>cui</span> <span class='ocrx_word' id='word_1_192' title='bbox 190 2448 595 2502; x_wconf 82' lang='lat' dir='ltr'>approximaveram</span> <span class='ocrx_word' id='word_1_193' title='bbox 624 2446 856 2489; x_wconf 89' lang='lat' dir='ltr'>albuminis</span> <span class='ocrx_word' id='word_1_194' title='bbox 883 2448 1105 2488; x_wconf 73' lang='lat' dir='ltr'>structura</span> <span class='ocrx_word' id='word_1_195' title='bbox 1131 2448 1348 2488; x_wconf 90' lang='lat' dir='ltr'>remotum</span> <span class='ocrx_word' id='word_1_196' title='bbox 1365 2447 1408 2486; x_wconf 87' lang='lat' dir='ltr'>et</span> <span class='ocrx_word' id='word_1_197' title='bbox 1428 2444 1478 2486; x_wconf 88' lang='lat' dir='ltr'>cl.</span> <span class='ocrx_word' id='word_1_198' title='bbox 1498 2443 1595 2485; x_wconf 87' lang='lat' dir='ltr'>Bth.</span> <span class='ocrx_word' id='word_1_199' title='bbox 1614 2447 1657 2485; x_wconf 86' lang='lat' dir='ltr'>et</span> <span class='ocrx_word' id='word_1_200' title='bbox 1675 2442 1800 2484; x_wconf 90' lang='lat' dir='ltr'>Hook</span> 
     </span>
     <span class='ocr_line' id='line_1_29' title="bbox 96 2501 1805 2561; baseline -0.004 -12"><span class='ocrx_word' id='word_1_201' title='bbox 96 2507 205 2550; x_wconf 87' lang='lat' dir='ltr'>Gen.</span> <span class='ocrx_word' id='word_1_202' title='bbox 234 2507 275 2558; x_wconf 79' lang='grc' dir='ltr'>Ι,</span> <span class='ocrx_word' id='word_1_203' title='bbox 303 2520 343 2561; x_wconf 89' lang='lat' dir='ltr'>p.</span> <span class='ocrx_word' id='word_1_204' title='bbox 370 2507 453 2548; x_wconf 82' lang='lat'>903</span> <span class='ocrx_word' id='word_1_205' title='bbox 477 2505 814 2548; x_wconf 85' lang='lat' dir='ltr'>observantibus</span> <span class='ocrx_word' id='word_1_206' title='bbox 836 2505 951 2547; x_wconf 89' lang='lat' dir='ltr'>inter</span> <span class='ocrx_word' id='word_1_207' title='bbox 975 2504 1214 2547; x_wconf 73' lang='lat' dir='ltr'>Seselineas</span> <span class='ocrx_word' id='word_1_208' title='bbox 1233 2502 1543 2553; x_wconf 64' lang='lat' dir='ltr'>collocandum.⁴</span> <span class='ocrx_word' id='word_1_209' title='bbox 1560 2506 1610 2545; x_wconf 84' lang='lat' dir='ltr'>ut</span> <span class='ocrx_word' id='word_1_210' title='bbox 1628 2501 1805 2543; x_wconf 79' lang='lat' dir='ltr'>videtur</span> 
     </span>
     <span class='ocr_line' id='line_1_30' title="bbox 99 2560 1803 2619; baseline -0.005 -11"><span class='ocrx_word' id='word_1_211' title='bbox 99 2565 316 2609; x_wconf 65' lang='lat' dir='ltr'>OEnantl&#39;ee</span> <span class='ocrx_word' id='word_1_212' title='bbox 347 2566 481 2619; x_wconf 81' lang='lat' dir='ltr'>magis</span> <span class='ocrx_word' id='word_1_213' title='bbox 515 2565 784 2618; x_wconf 80' lang='lat' dir='ltr'>proximum,</span> <span class='ocrx_word' id='word_1_214' title='bbox 824 2563 877 2606; x_wconf 91' lang='lat' dir='ltr'>ab</span> <span class='ocrx_word' id='word_1_215' title='bbox 909 2566 959 2607; x_wconf 75' lang='lat' dir='ltr'>ea</span> <span class='ocrx_word' id='word_1_216' title='bbox 996 2563 1209 2606; x_wconf 85' lang='lat' dir='ltr'>fructibus</span> <span class='ocrx_word' id='word_1_217' title='bbox 1236 2563 1350 2605; x_wconf 83' lang='lat' dir='ltr'>inter</span> <span class='ocrx_word' id='word_1_218' title='bbox 1376 2575 1423 2605; x_wconf 90' lang='lat' dir='ltr'>se</span> <span class='ocrx_word' id='word_1_219' title='bbox 1447 2564 1565 2604; x_wconf 87' lang='lat' dir='ltr'>arcte</span> <span class='ocrx_word' id='word_1_220' title='bbox 1587 2560 1803 2603; x_wconf 79' lang='lat' dir='ltr'>concretis</span> 
     </span>
     <span class='ocr_line' id='line_1_31' title="bbox 94 2623 860 2679; baseline -0.004 -12"><span class='ocrx_word' id='word_1_221' title='bbox 94 2624 426 2679; x_wconf 79' lang='lat' dir='ltr'>pericarpioque</span> <span class='ocrx_word' id='word_1_222' title='bbox 454 2624 565 2666; x_wconf 83' lang='lat' dir='ltr'>duro</span> <span class='ocrx_word' id='word_1_223' title='bbox 594 2623 860 2665; x_wconf 88' lang='lat' dir='ltr'>distinctum.</span> 
     </span>
    </p>
   </div>
   <div class='ocr_carea' id='block_1_14' title="bbox 95 2775 1802 3008">
    <p class='ocr_par' dir='ltr' id='par_1_14' title="bbox 95 2775 1802 3008">
     <span class='ocr_line' id='line_1_32' title="bbox 160 2775 1802 2833; baseline -0.003 -11"><span class='ocrx_word' id='word_1_224' title='bbox 160 2782 195 2822; x_wconf 83' lang='lat'>1.</span> <span class='ocrx_word' id='word_1_225' title='bbox 231 2780 287 2822; x_wconf 88' lang='grc' dir='ltr'>Τ.</span> <span class='ocrx_word' id='word_1_226' title='bbox 312 2777 612 2822; x_wconf 85' lang='lat' dir='ltr'>meifolius</span> <span class='ocrx_word' id='word_1_227' title='bbox 641 2776 808 2833; x_wconf 90' lang='lat' dir='ltr'>(Boiss.</span> <span class='ocrx_word' id='word_1_228' title='bbox 837 2778 914 2820; x_wconf 88' lang='lat' dir='ltr'>loc.</span> <span class='ocrx_word' id='word_1_229' title='bbox 944 2777 1014 2819; x_wconf 88' lang='lat' dir='ltr'>cit.</span> <span class='ocrx_word' id='word_1_230' title='bbox 1046 2789 1087 2830; x_wconf 89' lang='lat' dir='ltr'>p.</span> <span class='ocrx_word' id='word_1_231' title='bbox 1111 2776 1186 2832; x_wconf 84' lang='lat'>90)</span> <span class='ocrx_word' id='word_1_232' title='bbox 1210 2776 1379 2830; x_wconf 81' lang='lat' dir='ltr'>glaber.</span> <span class='ocrx_word' id='word_1_233' title='bbox 1413 2775 1535 2818; x_wconf 87' lang='lat' dir='ltr'>caule</span> <span class='ocrx_word' id='word_1_234' title='bbox 1561 2775 1673 2818; x_wconf 88' lang='lat' dir='ltr'>elato</span> <span class='ocrx_word' id='word_1_235' title='bbox 1697 2775 1802 2818; x_wconf 89' lang='lat' dir='ltr'>sub-</span> 
     </span>
     <span class='ocr_line' id='line_1_33' title="bbox 95 2834 1796 2892; baseline -0.004 -10"><span class='ocrx_word' id='word_1_236' title='bbox 95 2839 295 2892; x_wconf 78' lang='lat' dir='ltr'>angulato</span> <span class='ocrx_word' id='word_1_237' title='bbox 316 2849 502 2889; x_wconf 84' lang='lat' dir='ltr'>ramoso,</span> <span class='ocrx_word' id='word_1_238' title='bbox 536 2837 648 2879; x_wconf 89' lang='lat' dir='ltr'>foliis</span> <span class='ocrx_word' id='word_1_239' title='bbox 672 2836 838 2879; x_wconf 87' lang='lat' dir='ltr'>ambitu</span> <span class='ocrx_word' id='word_1_240' title='bbox 864 2836 1112 2878; x_wconf 84' lang='lat' dir='ltr'>lanceolatis</span> <span class='ocrx_word' id='word_1_241' title='bbox 1138 2836 1436 2889; x_wconf 84' lang='lat' dir='ltr'>pinnatisectis</span> <span class='ocrx_word' id='word_1_242' title='bbox 1463 2834 1671 2889; x_wconf 83' lang='lat' dir='ltr'>7-8·jugis</span> <span class='ocrx_word' id='word_1_243' title='bbox 1697 2846 1796 2886; x_wconf 85' lang='lat' dir='ltr'>scg-</span> 
     </span>
     <span class='ocr_line' id='line_1_34' title="bbox 97 2894 1801 2949; baseline -0.003 -10"><span class='ocrx_word' id='word_1_244' title='bbox 97 2898 256 2939; x_wconf 85' lang='lat' dir='ltr'>mentis</span> <span class='ocrx_word' id='word_1_245' title='bbox 290 2896 612 2938; x_wconf 82' lang='lat' dir='ltr'>remotiusculis</span> <span class='ocrx_word' id='word_1_246' title='bbox 645 2895 840 2949; x_wconf 84' lang='lat' dir='ltr'>oblongis</span> <span class='ocrx_word' id='word_1_247' title='bbox 872 2895 917 2937; x_wconf 90' lang='lat' dir='ltr'>in</span> <span class='ocrx_word' id='word_1_248' title='bbox 949 2895 1123 2936; x_wconf 86' lang='lat' dir='ltr'>lacinias</span> <span class='ocrx_word' id='word_1_249' title='bbox 1160 2895 1318 2937; x_wconf 89' lang='lat' dir='ltr'>breves</span> <span class='ocrx_word' id='word_1_250' title='bbox 1357 2894 1572 2936; x_wconf 85' lang='lat' dir='ltr'>consertas</span> <span class='ocrx_word' id='word_1_251' title='bbox 1601 2896 1801 2935; x_wconf 83' lang='lat' dir='ltr'>setaceas</span> 
     </span>
     <span class='ocr_line' id='line_1_35' title="bbox 96 2952 1799 3008; baseline -0.003 -10"><span class='ocrx_word' id='word_1_252' title='bbox 96 2955 475 2998; x_wconf 85' lang='lat' dir='ltr'>subverticillatim</span> <span class='ocrx_word' id='word_1_253' title='bbox 497 2954 817 3008; x_wconf 81' lang='lat' dir='ltr'>decompositis‚</span> <span class='ocrx_word' id='word_1_254' title='bbox 838 2953 1041 2996; x_wconf 89' lang='lat' dir='ltr'>umbellis</span> <span class='ocrx_word' id='word_1_255' title='bbox 1059 2954 1181 3006; x_wconf 83' lang='lat' dir='ltr'>longe</span> <span class='ocrx_word' id='word_1_256' title='bbox 1202 2953 1505 3007; x_wconf 83' lang='lat' dir='ltr'>pedunculatis</span> <span class='ocrx_word' id='word_1_257' title='bbox 1525 2952 1799 3006; x_wconf 61' lang='lat' dir='ltr'>inaequaliter</span> 
     </span>
    </p>
   </div>
   <div class='ocr_carea' id='block_1_15' title="bbox 1982 55 1987 615">
    <p class='ocr_par' dir='ltr' id='par_1_15' title="bbox 1982 55 1987 615">
     <span class='ocr_line' id='line_1_36' title="bbox 1982 55 1987 615; baseline 0 0"><span class='ocrx_word' id='word_1_258' title='bbox 1982 55 1987 615; x_wconf 95' lang='lat' dir='ltr'> </span> 
     </span>
    </p>
   </div>
   <div class='ocr_carea' id='block_1_16' title="bbox 1988 959 1994 1964">
    <p class='ocr_par' dir='ltr' id='par_1_16' title="bbox 1988 959 1994 1964">
     <span class='ocr_line' id='line_1_37' title="bbox 1988 959 1994 1964; baseline 0 0"><span class='ocrx_word' id='word_1_259' title='bbox 1988 959 1994 1964; x_wconf 95' lang='lat' dir='ltr'> </span> 
     </span>
    </p>
   </div>
  </div>
 </body>
</html>
