2045 3227
86 223 319 273 Epilobz’um.
806 231 1065 258 onae-naam.
1720 218 1792 255 745

81 339 160 382 ΤΒ.
197 339 229 380 1.
267 336 568 381 ONAGREAE.
596 361 650 367 -—
681 336 870 379 Fructus
908 336 1150 390 capsularis
1195 335 1500 378 4-6-locularis
1543 334 1786 376 dehiscens.

259 396 423 451 Calycis
452 397 610 440 limbus
641 395 940 450 4-6-pa1·titus.
965 418 1025 426 —
1048 395 1197 438 Flores
1221 395 1447 448 regulares
1481 395 1548 436 vel
1574 394 1790 446 subregu-

260 456 389 499 lares.

614 611 886 659 EP1L0131UM
915 611 974 674 (L.
1001 611 1099 659 Gen.
1131 610 1251 672 471).

139 730 305 785 Calycis
329 730 462 773 tubus
490 742 625 784 supra
656 729 853 772 ovarium
880 732 953 771 vix
979 729 1219 783 productus
1248 741 1345 771 cum
1371 727 1501 772 limbo
1530 727 1790 782 quadripar-

76 790 156 832 tito
184 790 237 832 ad
263 789 399 832 ovarii
433 790 597 843 apicem
636 789 968 831 circumscissus
997 788 1219 831 deciduus.
1265 788 1409 829 Petala
1450 790 1490 829 4.
1531 787 1721 829 Stamina
1747 784 1788 839 8,

74 849 270 892 antherae
294 849 481 891 lineares
509 848 576 890 vel
601 848 807 901 oblongae.
836 847 985 901 Stylus
1010 848 1239 899 filiformis,
1267 847 1467 899 stigmata
1495 849 1520 889 4
1544 847 1589 888 in
1613 857 1787 888 crucem

77 909 268 961 patentia
292 908 361 949 vel
385 908 429 949 in
455 908 618 950 clavam
659 907 821 950 coalita.
860 905 1045 960 Capsula
1082 908 1279 959 elongata
1318 906 1495 948 linearis
1531 905 1788 948 4-locularis

79 966 306 1009 loculicide
333 967 646 1020 quadrivalvis,
675 966 813 1008 valvis
831 980 853 1008 a
874 966 1073 1008 columna.
1099 965 1350 1008 seminifera
1375 966 1599 1018 tetragona
1617 964 1787 1014 solutis,

77 1025 368 1080 polysperma.
408 1025 582 1068 Semina
615 1025 894 1067 ascendentia
930 1025 1050 1078 apice
1082 1025 1206 1078 longe
1241 1036 1425 1066 comosa.
1450 1049 1506 1054 —-
1531 1022 1689 1064 Herbae
1712 1035 1786 1077 pc-

79 1097 253 1135 rennes,
276 1084 389 1127 foliis
421 1085 602 1127 alternis
635 1085 703 1126 vel
737 1084 962 1138 oppositis,
1000 1083 1185 1126 floribus
1223 1083 1398 1137 spicatis
1437 1083 1507 1124 vel
1536 1083 1787 1133 racemosis‚

74 1143 143 1198 (in
167 1143 354 1198 nostris)
378 1144 530 1186 roseis.

74 1314 200 1360 SECT.
243 1316 274 1359 I.
311 1315 632 1360 CHAMAENERION
689 1316 875 1359 Tausch.
912 1340 968 1346 —
1002 1314 1178 1358 Rad'icis
1205 1315 1306 1357 amis
1342 1315 1548 1369 perennis
1590 1315 1788 1357 curiones

374 1387 606 1429 nimquam
638 1375 805 1418 solutos
835 1375 976 1418 edens.
1008 1373 1133 1417 Folia
1159 1374 1306 1416 omnia
1331 1387 1504 1427 sparsa.
1535 1373 1687 1416 Floras
1714 1386 1787 1416 ex-

367 1434 552 1488 planati.
581 1434 750 1489 Cabycis
776 1434 906 1476 tubus
928 1446 1066 1487 supra
1089 1434 1294 1476 ovarium
1310 1433 1559 1476 sabinillus.
1586 1433 1788 1476 Stsmzina

377 1493 541 1547 reflexa
567 1493 797 1536 declinata.

140 1614 173 1653 1.
209 1611 264 1654 E.
300 1610 600 1666 spicatum
640 1608 761 1665 (Lam
828 1610 936 1652 Dict.
985 1609 1037 1652 II.
1080 1622 1124 1663 p.
1168 1609 1271 1665 373)
1311 1610 1548 1651 rllizomate
1592 1608 1785 1651 stolones

75 1671 224 1724 longos
251 1672 455 1723 repentes
493 1670 663 1720 edente,
693 1670 814 1712 caule
844 1669 969 1721 elato,
997 1669 1107 1711 foliis
1135 1669 1383 1710 lanceolatis
1406 1668 1589 1720 integris
1619 1668 1685 1709 vel
1713 1667 1787 1708 ob-

76 1731 211 1772 solete
235 1728 746 1783 glanduloso-serrulatis
763 1729 951 1778 venosis,
968 1740 1136 1770 racemo
1156 1728 1373 1769 terminali
1392 1728 1590 1780 elongato
1612 1739 1696 1768 non
1717 1727 1785 1768 vel

73 1789 167 1831 basi
199 1791 368 1830 tantum
409 1787 566 1839 foliato,
610 1787 763 1841 petalis
793 1787 989 1830 obovatis
1026 1787 1219 1829 breviter
1251 1787 1557 1839 unguiculatis‚
1587 1786 1784 1828 antlieris

71 1847 284 1900 oblongis,
311 1846 423 1900 stylo
451 1858 585 1900 supra
617 1846 740 1888 basin
777 1846 977 1888 villosulo
1005 1845 1216 1888 declinato
1244 1845 1428 1888 stamina
1458 1845 1787 1898 subsupcrante

85 1910 139 1953 26.
167 1906 218 1948 Ε.
248 1904 591 1958 anyztstv'folz'um
618 1905 664 1947 L.
694 1904 765 1959 Sp.
791 1906 877 1947 493
902 1917 955 1947 ex
977 1908 1114 1959 parte.

120 1979 220 2015 Hah.
239 1979 280 2014 in
296 1979 540 2025 rupestribus
573 1979 771 2014 umbrosis
797 1980 834 2014 et
860 1978 1066 2023 sylvaticis
1103 1977 1274 2023 regionis
1304 1977 1528 2023 subalpinae
1559 1979 1598 2012 et
1625 1977 1784 2023 alpinae,

72 2027 224 2064 Graecia
258 2026 429 2061 borealis
463 2026 503 2061 in
538 2026 710 2072 Olympo
743 2026 939 2061 Thessalo
973 2025 1157 2070 (Heldrl),
1193 2025 1378 2060 Anatolia
1416 2025 1497 2059 bor.
1533 2024 1571 2059 in
1609 2023 1782 2069 Olympo

75 2073 246 2119 Bithyno
265 2072 411 2118 (Sibthl
444 2073 575 2108 Auch!
604 2073 764 2117 Boissl).
783 2073 823 2108 in
842 2072 1113 2119 Paphlagonia
1130 2071 1305 2117 (Wiedl),
1322 2072 1463 2107 Tmolo
1483 2071 1619 2117 Lydiae
1642 2071 1782 2115 (Ball),

82 2121 257 2156 armenia
273 2122 311 2156 et
330 2120 454 2155 Ponto
474 2120 610 2156 Lazico
629 2120 694 2155 alt.
713 2120 817 2155 6000’
837 2119 946 2163 (Ball
971 2119 1044 2164 Ky.
1075 2119 1194 2163 3671),
1214 2121 1355 2164 Argaeo
1386 2121 1423 2154 et
1449 2122 1581 2154 monte
1608 2118 1783 2153 Anemas

85 2167 299 2203 {ooo-700&
318 2166 475 2212 (Heldrl
493 2167 613 2211 Ball),
633 2167 765 2202 Tauro
782 2166 939 2202 Cilicico
965 2167 1061 2212 (Ky!
1081 2166 1201 2212 Ball),
1228 2166 1378 2202 Libano
1404 2176 1525 2211 supra
1543 2164 1653 2200 Eden
1670 2164 1783 2209 (1312),

89 2215 217 2250 [¹auria
235 2217 272 2249 et
288 2224 398 2260 prov.
418 2213 485 2249 Cis
503 2216 541 2250 et
558 2214 898 2250 Transcaucasicis
915 2214 1104 2259 (Ledeb.),
1119 2213 1297 2250 Caucaso
1316 2213 1498 2249 orientali
1516 2213 1557 2248 in
1576 2212 1783 2248 Salatavia

89 2261 165 2297 2600
212 2260 389 2297 Owerinl
414 2289 421 2295 .

117 2295 177 2359 Ar..
195 2262 340 2368 (Geoqr.
360 2263 517 2370 Ebropa
535 2324 664 2360 omnis
682 2324 733 2360 ab
751 2324 897 2370 Anglia
917 2326 954 2360 et
971 2323 1244 2369 Scandinavia,
1268 2322 1413 2360 Sibiria
1440 2324 1583 2367 omnis,
1604 2323 1786 2358 America

91 2371 215 2406 :retica
234 2373 271 2406 et
287 2371 469 2406 borealis.

127 2521 165 2561 2.
199 2519 254 2561 Ε.
284 2518 571 2563 Dodonaei
605 2519 725 2575 (Vill.
763 2520 918 2573 Prosp.
950 2533 992 2574 p.
1027 2519 1103 2574 45)
1133 2519 1366 2562 rhizomate
1403 2521 1598 2562 stolones
1623 2519 1782 2562 breves

89 2589 242 2621 cassos
269 2577 439 2629 edente,
457 2578 569 2621 foliis
593 2579 832 2621 linearibus
851 2580 1058 2634 utrinque
1076 2578 1313 2621 attenuatis
1334 2578 1601 2632 subintegris
1619 2579 1783 2631 glabris

87 2638 134 2679 nl
159 2637 352 2680 breviter
380 2637 736 2690 pubescentibus,
765 2639 946 2681 racemis
970 2637 1272 2680 terminalibus
1306 2637 1571 2680 abbreviatis
1598 2637 1782 2685 foliosis,

88 2697 220 2749 ptalis
254 2695 482 2737 sessilibus
517 2696 923 2750 elliptico-oblongis
960 2696 1053 2738 basi
1091 2696 1344 2748 attenuatis,
1379 2697 1575 2739 antberis
1629 2696 1783 2748 ovatis,

85 2755 177 2808 sylo
200 2754 291 2796 basi
318 2755 582 2808 pubescente
605 2756 790 2798 stamina
811 2759 1010 2809 aequante
1043 2755 1232 2808 denique
1267 2758 1497 2797 recurvato
1529 2759 1565 2800 26
1604 2754 1653 2796 E.
1680 2767 1777 2796 ros-

89 2812 396 2864 mri'nvfoleffum
428 2813 576 2855 Hzenk.
604 2816 647 2856 in
683 2814 801 2868 Jacq.
842 2812 945 2856 Coll.
984 2814 1038 2866 ΙΙ,
1076 2827 1114 2867 p.
1155 2815 1222 2855 50.
1250 2838 1307 2843 —
1335 2813 1384 2855 E.
1408 2813 1780 2867 angustissimum

89 2871 151 2914 At.
176 2872 281 2914 Kew
309 2871 380 2925 IV,
409 2873 508 2914 345.
538 2897 592 2902 —-
620 2872 669 2914 E.
699 2872 1047 2925 anyetstcjfol'e’mn
1071 2872 1117 2914 L.
1141 2884 1194 2914 ex
1218 2877 1355 2926 parte.

119 2944 212 2980 Hah.
241 2945 280 2979 in
312 2943 501 2989 glareosis
531 2945 753 2992 subalpinis
783 2947 820 2980 et
849 2945 1007 2992 alpinis,
1038 2955 1152 2981 mons
1184 2945 1308 2981 Athos
1341 2945 1581 2981 Macedoniae
1613 2945 1785 2989 (Frivov

89 2989 261 3038 Oympus
285 2991 482 3037 Bithynus
510 2992 649 3037 (Auch.
680 2992 822 3038 28:351),
853 2994 1038 3028 Armenia
1065 3002 1185 3039 prope
1213 2992 1397 3028 Erzerum
1428 2992 1596 3038 (Galv!)‚
1626 2992 1776 3028 Pontus
