2065 3236
233 203 307 241 700
976 208 1176 235 ROSACEAE.
1708 195 1918 242 Frayaria.

234 285 588 385 ὴᾶεἰὸἒηςυεῑεῐεί
610 295 697 325 non
719 282 986 336 carpellifero
1021 288 1080 329 26.
1118 280 1159 322 F.
1187 277 1440 332 campestris
1478 278 1596 321 Stev.
1637 278 1762 320 Verz.
1789 276 1916 320 Taur.

235 356 275 397 p.
395 376 403 384 .

280 416 381 451 Hab.
406 416 446 451 in
464 414 610 450 Tauria
638 417 677 450 et
702 424 811 460 prov.
842 413 907 449 Cis
940 414 978 448 et
1010 410 1346 448 Transcaucasicis
1380 409 1564 455 (Ledeb.)‚
1593 410 1717 444 tractu
1747 407 1918 444 Taluseh

234 463 434 508 (Hohen.).
456 462 544 498 Non
564 461 655 496 vidi.

280 525 337 562 Cl.
352 525 493 561 Steven
510 535 621 560 suam
640 523 675 559 F.
696 527 959 577 campestrem
975 521 1191 573 seminibus
1205 519 1446 567 receptaculo
1463 519 1657 572 immersis
1674 529 1699 553 a
1718 518 1761 572 F.
1776 515 1919 571 οοῖίίηᾷ

234 571 452 618 distinguit,
466 572 535 607 sed
552 572 635 606 haec
646 573 706 606 est
723 571 923 617 ipffissima
935 572 1030 605 nota
1043 568 1085 604 F.
1097 567 1246 604 collznoe
1262 577 1310 602 ex
1319 567 1477 613 Europa
1491 566 1621 601 media
1633 568 1670 601 et
1683 565 1920 601 occidentah.

277 634 337 670 Ar.
364 635 497 680 Geoqr.
522 633 679 680 Europa
691 632 860 669 borealis
879 635 916 668 et
933 632 1071 677 media,
1085 630 1227 666 Sihiria
1244 632 1334 675 tota„
1351 630 1458 675 regio
1477 627 1735 665 Canariensis.

766 779 1008 828 COMARUM
1032 779 1098 840 (L.
1130 778 1227 826 Gen.
1260 777 1376 838 638).

291 897 422 952 Calyx
449 898 703 951 explanatus
736 897 1000 940 decemfidus
1027 896 1191 940 laciniis
1214 895 1491 938 biserialibus
1520 894 1810 937 exterioribus
1838 893 1918 935 mi-

230 957 421 999 noribus.
459 957 603 998 Petala
627 958 656 998 5
678 957 913 998 lanceolata
939 956 1191 998 acuminata.
1226 954 1417 996 Stamina
1448 966 1694 996 numerosa.
1719 951 1918 1006 Carpella

226 1015 414 1068 plurima
454 1016 723 1068 receptaculo
767 1018 864 1069 post
895 1015 1093 1057 anthesin
1129 1016 1253 1056 aucto
1295 1012 1526 1067 spongioso
1564 1012 1829 1054 suhcarnoso
1851 1011 1916 1053 in-

226 1077 355 1116 serta.
385 1074 532 1126 Stylus
560 1075 748 1117 lateralis
792 1075 937 1116 brevis
977 1073 1197 1116 deciduus.
1218 1096 1268 1102 —
1288 1072 1432 1114 Herba
1458 1071 1676 1124 perennis.
1710 1068 1859 1112 Genus
1889 1082 1913 1111 a

226 1132 459 1175 Potentilld
485 1133 554 1174 vix
583 1133 847 1186 distinctum⁷
871 1133 1142 1186 receptaculo
1177 1133 1291 1174 inter
1312 1143 1406 1174 eam
1434 1133 1477 1172 et
1505 1128 1769 1182 Frayariam
1792 1129 1915 1182 quasi

235 1191 552 1234 intermedium.

293 1352 328 1391 ’1.
363 1350 415 1393 C.
443 1349 713 1404 palustre
736 1349 801 1405 (L.
829 1349 900 1404 Sp.
929 1348 1034 1403 718)
1061 1349 1205 1391 radice
1231 1351 1433 1402 repente,
1461 1347 1656 1391 caulibus
1683 1345 1918 1388 ascenden-

233 1408 360 1460 tibus,
383 1409 493 1450 foliis
522 1408 809 1451 suhcoriaceis
835 1408 989 1451 subtus
1005 1408 1167 1461 glaucis
1185 1408 1349 1450 ambitu
1371 1405 1705 1449 suborhiculatis
1728 1405 1917 1459 pinnatis

230 1467 383 1509 foliolis
410 1467 721 1520 approximatis
743 1467 936 1520 oblongis
958 1469 1108 1520 argute
1120 1466 1330 1526 ,dentatis
1351 1468 1473 1520 cyma
1489 1465 1740 1520 pauciflora,
1758 1463 1916 1517 sepalis

229 1527 485 1568 acuminatis
515 1526 708 1568 externis
734 1527 867 1570 multo
891 1525 1146 1577 minoribus,
1182 1525 1334 1579 petalis
1360 1524 1751 1579 fusco-purpureis,
1775 1523 1918 1576 calyce

230 1585 395 1638 2-3-plo
423 1585 676 1636 minoribus,
698 1586 898 1638 carpellis
921 1585 1102 1627 laevibus
1131 1591 1187 1632 26.
1209 1585 1327 1637 Engl.
1351 1584 1438 1626 bot.
1467 1585 1552 1626 tab.
1575 1584 1671 1626 17⁰2.
1689 1607 1743 1613 —
1759 1581 1917 1624 Poten-

229 1642 325 1684 tilla
348 1643 579 1685 Comarum
603 1643 725 1698 Scop.
751 1643 875 1686 Carn.
904 1644 937 1696 I,
965 1645 1061 1686 359.

275 1716 374 1751 Hal).
408 1717 447 1751 in
472 1717 672 1763 paludosis
706 1718 874 1761 turfosis,
906 1718 1089 1753 Armenia
1124 1717 1304 1752 australis
1335 1716 1383 1751 ad
1413 1715 1540 1751 lacum
1567 1716 1786 1752 Gestemert
1805 1725 1915 1763 prov.

225 1762 363 1845 ffiuffih
381 1764 444 1799 alt.
461 1764 565 1800 5200'
584 1765 674 1810 (Kyl
694 1775 771 1800 exs.
788 1766 903 1810 5412),
934 1775 1040 1811 prov.
1061 1764 1395 1800 Transcaucasioae
1419 1764 1460 1798 in
1478 1763 1699 1799 Somchetia
1723 1762 1913 1808 (Ledeia).

277 1839 283 1844 .
338 1821 400 1856 ug.

248 1920 254 1926 ι
271 1874 335 1955 Arl.
364 1875 496 1956 Geopr.
513 1876 704 1922 Hispania
723 1875 915 1921 centralis,
929 1875 1085 1922 Europa
1103 1874 1270 1910 borealis
1285 1876 1322 1910 et
1335 1874 1473 1920 media,
1487 1873 1631 1910 Sibiria
1645 1874 1786 1920 omnis,
1800 1875 1915 1911 Ame-

229 1931 304 1957 rica
334 1932 438 1956 lorea
457 1933 499 1957 is.

434 2069 742 2117 POTENTILLA
771 2070 830 2127 (L.
860 2070 957 2117 Gen.
986 2070 1101 2132 634).
1135 2098 1193 2103 ——
1230 2069 1549 2117 Tormentilla
1573 2069 1625 2117 L.
1653 2098 1713 2103 —-

759 2142 1188 2189 Trichothalamus
1214 2142 1385 2189 Lehm.

287 2255 419 2312 Calyx
443 2258 701 2311 explanatus
729 2257 994 2300 decemfidus
1020 2258 1182 2301 laciniis
1219 2257 1491 2300 hiserialibus
1523 2256 1812 2299 exterioribus
1838 2256 1915 2298 mi-

227 2318 422 2360 norihus.
465 2317 610 2358 Pelala
654 2319 676 2357 5
718 2317 861 2359 rarius
901 2318 938 2359 4.
983 2316 1172 2359 Stamina
1210 2328 1455 2359 numerosa.
1495 2314 1690 2370 Carpella
1728 2315 1916 2369 plurima

228 2376 498 2429 receptaculo
525 2388 707 2418 exsucco
728 2387 917 2418 convexo
943 2376 1012 2418 vel
1035 2377 1179 2418 conico
1195 2376 1371 2418 inserta.
1393 2375 1541 2429 Stylus
1562 2375 1752 2418 lateralis
1768 2374 1914 2417 brevis

228 2434 450 2477 deciduus.
479 2460 530 2465 >-
561 2435 715 2477 llcrbae
739 2446 955 2488 perennes
982 2434 1127 2477 rarius
1147 2435 1336 2478 frutices.

223 2592 344 2635 SECT.
375 2593 404 2635 Ι.
445 2593 820 2636 FRAGAnmsTRUM.
858 2593 974 2635 Koch
1010 2593 1112 2648 Syn.
1149 2607 1187 2648 p.
1223 2595 1317 2636 ΜΒ.
1355 2619 1406 2624 —
1445 2592 1777 2646 Receptaculum
1805 2592 1913 2648 pilis

519 2652 661 2705 lonye's
689 2651 879 2705 carpella
914 2652 1231 2695 occultantibus
1263 2651 1498 2694 hirsutum.
1528 2651 1725 2705 Carpella
1743 2651 1811 2693 vel
1831 2663 1913 2694 un-

518 2711 647 2764 dique
666 2711 739 2778 ,pel
762 2711 822 2753 ad
844 2710 1098 2753 umbilicum
1126 2714 1297 2754 tantum
1316 2711 1472 2764 pilosa,
1499 2723 1604 2753 raro
1627 2710 1797 2764 glabra.

505 2816 523 2833 ²
573 2817 682 2852 Folia
701 2817 884 2852 inferiora
901 2817 1042 2853 saltem
1060 2818 1230 2864 pinnata.
1247 2818 1396 2853 Plantae
1413 2817 1624 2852 fruticosae.

902 2899 944 2940 ÷
995 2896 1238 2932 Leucanthae.

225 2959 268 2994 Ι).
303 2959 449 3006 cynosa.
