2045 3227
131 226 372 264 Hultlzemz'a.
882 240 1082 267 ROSACEAE.
1764 234 1839 272 669

178 307 252 343 Vix
272 308 436 355 pedalis.
456 309 591 346 Flores
608 309 649 345 in
667 319 808 355 genere
827 309 980 346 minuti.
999 309 1164 345 Fructus
1182 309 1368 346 avellana
1385 309 1525 346 minor.

188 372 234 426 β.
270 373 553 427 stenopleylla.
581 399 634 405 ——
652 374 881 426 Humilior‚
908 375 1005 417 folia
1032 365 1283 428 angustiora
1304 374 1678 430 lineari-oblonga.

176 446 276 482 Hal).
303 447 353 482 ad
373 447 550 483 Teheran
577 447 666 494 (ΚΥ.
687 457 765 483 exs.
785 448 878 493 262).

173 512 236 548 Ar.
264 512 394 558 Geoqr.
421 513 627 549 Desertum
647 513 1148 560 Songaro-Khirghisicum.

712 634 839 690 Rosa
875 642 940 705 (L.
971 642 1070 690 Gen.
1102 643 1232 696 631).

185 746 351 800 Calycis
379 747 510 789 tubus
535 758 609 789 ore
636 746 898 788 constrictus
927 747 1088 788 annulo
1119 747 1372 800 glanduloso
1412 753 1678 804 coarctatus,
1707 752 1825 795 limbi

127 807 288 849 laciniae
314 806 389 861 (in
416 805 605 860 nostris)
641 806 665 847 5
692 805 870 860 integrae
894 806 962 847 vel
992 805 1267 859 pinnatifidae.
1297 807 1444 850 Petala
1471 808 1489 864 (
1500 809 1542 851 in
1572 811 1763 866 nostris)
1801 814 1825 854 5

124 866 217 909 basi
241 866 427 907 nectario
452 865 670 907 destituta.
695 862 889 918 Carpella
911 865 963 906 ad
983 865 1094 906 latus
1112 865 1224 919 stylo
1247 867 1495 920 oppositum
1518 869 1678 923 saepius
1699 870 1825 923 longe

124 924 594 967 comosa.--Frutices
627 923 799 977 stipulis
828 923 985 977 petiole
1010 923 1193 976 adnaffls,
1231 925 1341 967 foliis
1381 926 1744 981 imparipinnatis.
1775 955 1825 959 —-

124 983 273 1026 Genus
301 982 441 1037 quoad
466 982 708 1036 specierum
744 983 1043 1024 limitationem
1068 986 1110 1025 et
1137 984 1379 1037 praesertim
1415 986 1557 1038 quoad
1591 998 1743 1030 earum
1779 988 1823 1031 in

121 1054 275 1096 greges
302 1042 522 1084 naturales
545 1041 879 1095 dispositionem
904 1040 1224 1095 difficillimum3
1245 1044 1412 1097 species
1440 1044 1589 1098 plures
1613 1047 1667 1088 ob
1686 1047 1825 1100 speci—

124 1103 237 1144 mina
267 1113 414 1143 manea
440 1104 483 1142 et
508 1101 674 1142 fructus
702 1101 859 1142 maturi
887 1100 1173 1143 deficientiam
1201 1102 1458 1156 incomplete
1488 1107 1612 1146 notae.
1641 1103 1818 1148 Clariss.

122 1161 299 1211 Reuter,
326 1159 483 1213 Crepin
509 1162 553 1202 et
575 1158 727 1211 Godet‚
755 1159 1016 1213 Rhodologis
1048 1160 1234 1214 optimis,
1256 1161 1331 1215 qui
1350 1174 1417 1204 me
1441 1162 1826 1207 observationibus

120 1219 384 1274 adjuvarunt
406 1219 566 1272 gratias
592 1231 720 1273 quam
748 1219 955 1261 maximas
978 1219 1130 1262 habeo.

553 1359 802 1413 specierum
827 1359 1118 1402 Orientalium
1142 1360 1385 1413 dispositio.

119 1461 312 1504 SERIES
347 1462 397 1504 A.
418 1486 471 1490 —
490 1460 597 1515 Styli
616 1461 742 1503 liberi
763 1461 876 1503 ultra
895 1460 1047 1503 tubum
1065 1462 1222 1515 calycis
1242 1475 1397 1516 parum
1418 1464 1485 1506 vel
1502 1476 1587 1506 non
1605 1465 1818 1518 producti.

117 1571 139 1624 ,ξ
181 1572 213 1613 1.
250 1569 623 1625 quanteriae.
647 1568 863 1612 —Aculei
891 1569 1032 1623 sparsi
1056 1569 1289 1623 dimorphi⁷
1312 1571 1383 1613 alii
1409 1572 1579 1624 setacei‚
1599 1573 1669 1615 alii
1690 1575 1819 1616 validi

293 1630 396 1670 recti
424 1629 488 1670 vel
509 1628 711 1671 uncinati.
743 1628 895 1671 Flores
923 1629 1105 1671 sulfurei
1128 1629 1194 1670 vel
1217 1630 1354 1672 rubri.
1385 1630 1567 1673 Laciniae
1591 1632 1747 1686 calycis
1774 1633 1818 1675 in

291 1689 434 1730 fructu
463 1689 747 1741 persistentes
772 1688 939 1741 patulae·
953 1689 1020 1730 vel
1042 1688 1228 1730 reflexae.
1249 1688 1408 1732 Ovaria
1429 1691 1597 1733 sessilia
1623 1691 1687 1732 vel
1712 1692 1818 1734 sub-

296 1747 478 1789 sessilia.

115 1830 165 1867 R.
186 1830 304 1875 lucca,
323 1829 629 1875 Maracandica,
647 1829 873 1877 sulphurea,
890 1830 1056 1878 Rapina

114 1964 138 2014 ξ
173 1962 210 2003 2.
246 1961 759 2016 Pimpinellifoliae.
787 1985 839 1990 —
858 1960 1011 2002 Aculei
1033 1960 1175 2014 sparsi
1199 1960 1380 2014 graciles
1410 1961 1602 2004 subulati
1622 1973 1734 2015 saepe
1756 1962 1818 2003 in—

291 2021 491 2074 aequales.
514 2020 663 2062 Flores
687 2019 771 2062 albi
803 2020 871 2061 vel
899 2019 1124 2073 purpurei.
1155 2020 1338 2062 Laciniae
1365 2020 1567 2072 calycinze
1595 2020 1637 2061 in
1670 2021 1814 2063 fructu

292 2080 579 2134 persistentes
617 2082 772 2121 erectae
803 2079 1101 2121 conniventes.
1137 2079 1296 2122 Ovaria
1324 2079 1493 2121 sessilia
1535 2080 1603 2121 vel
1639 2080 1816 2121 subses-

293 2138 403 2180 silia.

113 2222 159 2258 R.
179 2220 505 2268 pz'mpz'nellz's'olia,
537 2220 774 2265 Tusehetzea,
800 2220 962 2267 Alpina,
994 2220 1247 2266 Djz'mileasz‘s,
1277 2221 1474 2267 ooeyodorz,
1509 2220 1704 2268 oplisthes,
1736 2223 1813 2257 Ar-

351 2279 479 2313 mena,

112 2401 134 2453 ,ξ
172 2401 209 2443 3.
243 2400 625 2455 Elymaiticae.
659 2426 711 2430 —
746 2401 893 2443 Aculei
933 2401 1075 2455 sparsi
1114 2401 1243 2443 validi
1281 2403 1522 2445 conformes
1560 2404 1811 2446 rectiusculi

290 2460 357 2502 vel
389 2461 592 2502 uncinati.
621 2460 771 2503 Flores
805 2460 934 2502 rosei.
979 2459 1162 2502 Laciniae
1197 2461 1397 2514 calycinae
1437 2462 1813 2515 subpersistentes

292 2519 476 2560 rellexae.
514 2519 670 2561 Ovaria
708 2518 1096 2561 sessilia.—G1·ex
1134 2520 1272 2561 affinis
1310 2520 1691 2573 Pe'mpinelldfoliis
1733 2522 1811 2564 sed

289 2579 424 2620 aculei
455 2578 581 2620 validi
606 2581 648 2620 et
676 2579 822 2633 sepala
847 2591 930 2620 non
953 2578 1241 2621 conniventia.

112 2666 158 2704 R.
183 2667 433 2714 Elymaetz‘ca,
454 2668 641 2705 albicans.

109 2798 131 2851 ,ξ’
167 2800 208 2841 4.
247 2798 501 2843 Gallicae.
524 2824 577 2828 —-
595 2799 744 2841 Aculei
767 2801 907 2852 sparsi
931 2801 1161 2853 (liniorplii.
1177 2800 1248 2842 alii
1272 2801 1427 2843 setarei
1450 2804 1568 2847 recti.
1586 2801 1657 2844 alii
1683 2802 1812 2844 validi

285 2859 389 2899 recti
418 2859 483 2900 vel
509 2859 744 2900 subsalcati.
773 2858 923 2901 Flores
958 2860 1071 2901 rosei
1096 2861 1164 2901 vel
1193 2861 1418 2913 purpurei.
1448 2861 1630 2902 Laciniae
1659 2861 1812 2915 calyci-

287 2929 351 2959 nu*
378 2918 549 2959 demum
580 2918 786 2959 deciduae.
820 2919 975 2960 Ovaria
1004 2919 1173 2960 sessiliu

110 2998 161 3034 R.
184 2998 352 3044 Gallica,
368 2999 576 3045 cencefole‘a.
