1984 3221
139 215 208 251 756
847 219 1116 247 HALORAGBAE.
1591 208 1827 247 Callz'trz‘che.

137 301 296 354 saepius
323 299 558 352 fugacibus,
586 298 754 339 fructus
781 296 906 350 parvi
926 293 1132 347 longioris
1162 306 1290 348 quam
1316 293 1392 336 lati
1423 292 1671 336 subcordati
1696 294 1827 335 meri—

134 359 291 412 carpiis
315 358 442 400 dorso
466 357 667 399 convexis
688 355 856 407 angulis
877 356 999 396 acute
1020 355 1063 394 et
1088 353 1282 394 breviter
1303 352 1505 395 carinatis
1526 354 1582 395 26.
1605 352 1660 394 Ic.
1688 351 1824 394 Rchb.

135 417 210 468 IX,
239 417 308 470 fig.
340 416 598 458 1179-1183.
620 439 673 443 —
691 414 732 456 C.
756 424 892 455 verna
907 412 953 454 L.
980 415 1022 453 et
1044 411 1084 453 C.
1111 411 1316 464 aquatica
1340 412 1479 454 Huds.
1503 423 1556 453 ex
1583 413 1718 465 parte.

181 491 280 527 Hah.
300 492 339 526 in
357 491 468 536 aquis
486 489 646 536 prohah.
667 488 783 523 totius
803 486 962 522 ditionis
981 486 1049 521 sed
1069 485 1119 521 ob
1137 495 1359 531 synonyma
1377 483 1579 521 auctorum
1596 486 1741 531 saepius
1765 486 1835 520 in-,

132 541 235 574 certa
252 538 326 574 loci
347 537 534 582 speciales
559 536 672 582 pauci
690 533 956 570 enumerandi.
984 533 1083 568 Eam
1113 532 1196 568 vidi
1221 543 1269 568 ex
1299 533 1425 568 Attica
1449 531 1608 577 (Heldrl
1628 531 1783 579 Orphl),
1801 542 1822 568 e

133 586 323 631 Byzantio
340 585 501 629 (Thuret
515 585 550 627 l).

177 650 238 685 Ar.
260 649 390 694 Geoqr.
419 648 575 693 Europa
599 646 738 690 omnis,
756 645 908 689 Sibiria,
936 644 1064 679 Africa
1082 643 1263 689 borealis,
1280 643 1459 679 America
1477 643 1657 679 borealis.

191 796 228 837 ⁰2.
264 795 316 838 C.
341 792 648 836 hamulata
682 790 826 845 (Kutz.
853 791 896 832 in
925 790 1040 832 Koch
1061 789 1165 843 Syn.
1194 802 1235 843 p.
1256 789 1360 844 ⁶271)
1385 789 1496 831 foliis
1513 800 1736 831 ramorum
1758 789 1825 830 in-

131 854 364 897 ferioribus
399 852 465 892 vel
500 851 700 893 omnibus
733 850 991 899 linearibus,
1030 849 1332 902 superioribus
1364 847 1587 890 interdum
1613 848 1822 900 obovatis,

130 913 314 955 bracteis
340 910 585 952 circinnatis
612 909 729 963 apice
756 909 950 961 hamatis,
978 909 1103 961 stylis
1128 908 1389 961 longissimis
1415 906 1822 960 reflexo-adpressis

130 971 338 1021 deciduis,
361 970 527 1010 fructus
559 967 724 1010 sessilis
746 968 814 1009 vel
842 967 1092 1010 subsessilis
1118 967 1343 1020 majusculi
1367 965 1711 1009 suborbicularis
1732 976 1821 1006 me-

130 1029 326 1083 ricarpiis
348 1028 476 1070 dorso
504 1026 797 1080 planiusculis,
824 1027 991 1079 angulis
1011 1027 1148 1068 acutis
1180 1029 1235 1071 26.
1274 1025 1326 1067 Ic.
1350 1025 1484 1067 Rchb.
1516 1024 1600 1077 IX,
1637 1024 1662 1065 f.
1691 1024 1823 1066 1200-

134 1089 256 1131 1220.
276 1113 331 1117 -—
348 1086 380 1129 C
409 1085 578 1138 pallens
602 1085 708 1126 ΜΒ.
737 1085 865 1127 Taur.
895 1083 1018 1127 Caue.
1048 1085 1114 1129 [11.
1134 1097 1173 1138 p.
1198 1086 1223 1126 6
1251 1096 1305 1126 ex
1327 1084 1504 1126 Steven.
1527 1107 1583 1115 —-
1602 1074 1641 1126 C.
1661 1081 1825 1124 Brutia

129 1147 317 1200 Petagna
344 1157 397 1188 ex
420 1145 609 1198 Hegelm.

173 1221 273 1256 Hah.
296 1221 336 1255 in
361 1220 473 1266 aquis
492 1219 644 1254 Tauriae
662 1218 928 1254 meridionalis
941 1219 1007 1263 (ex
1025 1218 1197 1262 Steven).
1219 1217 1308 1254 Non
1326 1216 1408 1252 vidi
1428 1226 1477 1252 ex
1496 1215 1655 1251 ditione.

175 1286 234 1320 Ar.
263 1285 392 1329 Geoqr.
419 1283 575 1329 Europa
596 1283 672 1317 fere
691 1282 831 1327 omnis,
848 1281 1123 1317 Groe‘nlandia.

189 1423 226 1463 3.
263 1421 315 1465 G.
348 1419 744 1476 pedunculata
778 1421 877 1476 (uc.
904 1420 964 1462 Fl.
991 1420 1061 1462 Fr.
1091 1420 1174 1469 lV,
1198 1433 1237 1474 p.
1268 1419 1373 1474 414)
1399 1419 1511 1461 foliis
1537 1417 1820 1460 inferioribus

128 1480 378 1533 linearibus,
400 1480 701 1533 superioribus
725 1480 940 1533 oblongis,
968 1480 1093 1533 stylis
1121 1479 1410 1521 mediocribus
1446 1476 1819 1531 reflexo—patenti-

129 1539 211 1580 bus
239 1539 443 1585 deciduis,
483 1540 647 1580 fructus
675 1539 833 1592 saepius
867 1539 1135 1592 longiuscule
1162 1537 1440 1592 pedunculati
1477 1535 1820 1579 suborbieularis

128 1598 396 1651 mericarpiis
418 1597 546 1640 dorso
576 1598 873 1651 planiusculis,
910 1597 1057 1639 carina
1083 1609 1137 1639 ex
1159 1597 1327 1650 angulis
1355 1596 1537 1650 abrupte
1566 1595 1820 1649 prosiliente

128 1656 251 1698 brevi
286 1663 344 1703 36.
373 1657 427 1698 lc.
453 1656 581 1699 Guss.
606 1657 661 1710 pl.
684 1669 770 1698 rar.
794 1656 877 1698 tab.
908 1657 947 1709 2,
974 1657 1044 1709 fig.
1078 1658 1112 1698 1.

172 1729 271 1764 Hah.
292 1730 331 1764 in
352 1730 553 1775 sylvaticis
572 1729 744 1765 humidis
764 1729 904 1765 insulae
924 1729 1100 1765 Leucade
1117 1727 1280 1765 Graeciae
1305 1728 1506 1773 (Mazziari
1529 1739 1553 1764 a
1569 1728 1614 1763 cl.
1635 1728 1821 1763 Tomma-

117 1787 205 1858 ῧὲὲ
219 1777 661 1870 rgilbgcommunicatal),
677 1777 726 1811 ad
744 1776 951 1812 Lenkoran
971 1787 1090 1823 prope
1101 1787 1206 1812 mare
1221 1776 1407 1822 Caspium
1421 1775 1572 1821 (Radde
1591 1786 1639 1810 ex
1655 1775 1817 1810 Trautv.

168 1887 229 1923 Ar.
250 1888 380 1933 Geoqr.
407 1887 561 1933 Anglia,
579 1887 710 1923 Gallia
727 1887 987 1932 occidentalis,
1004 1886 1194 1932 Sardinia,
1212 1886 1355 1932 Sicilia,
1373 1886 1484 1923 Italia
1501 1885 1697 1922 australis.

184 2022 223 2062 4.
258 2021 311 2064 C.
347 2020 644 2076 stagnalis
672 2019 815 2076 (Seop.
840 2019 967 2062 Carn.
999 2020 1059 2070 II,
1088 2032 1131 2074 p.
1163 2020 1269 2074 251)
1295 2019 1407 2062 foliis
1437 2018 1638 2062 omnibus
1662 2018 1817 2061 obova-

123 2081 193 2132 tis,
221 2080 344 2133 stylis
366 2080 521 2122 erectis
548 2080 616 2121 vel
644 2080 891 2133 patentibus
924 2078 1283 2133 persistentibus,
1309 2079 1475 2121 fructus
1503 2076 1815 2120 suborbieulati

123 2139 375 2239 {ulgsssessilis
395 2139 563 2191 angulis
586 2139 670 2180 late
696 2141 738 2180 et
761 2142 883 2181 acute
910 2138 1112 2180 carinatis
1145 2144 1180 2186 36
1196 2171 1203 2178 .
1232 2138 1288 2180 Ic.
1310 2138 1442 2180 Rchb.
1471 2136 1558 2188 IX,
1582 2135 1651 2188 fig.
1684 2136 1817 2178 1184-

169 2271 269 2305 Hah.
286 2271 326 2305 in
342 2270 466 2317 aquis,
484 2270 672 2316 Zacynthi
688 2271 873 2316 (Heldrl),
891 2271 1069 2316 Corcyrae
1087 2272 1149 2315 (ex
1167 2269 1362 2316 Hegelm.)
1380 2272 1418 2306 et
1434 2269 1543 2316 proh.
1562 2268 1668 2304 alibi.

169 2337 229 2371 Ar.
261 2337 391 2382 Geoqr.
430 2336 586 2383 Europa
615 2338 696 2372 tota
724 2337 853 2372 media
889 2339 927 2372 et
960 2335 1144 2372 australis
1183 2337 1232 2372 ab
1262 2336 1405 2382 Anglia
1442 2337 1479 2370 et
1522 2333 1733 2369 Germania
1765 2332 1814 2367 ad

120 2383 299 2437 Rpsstam
325 2383 504 2428 mediam,
528 2383 667 2418 insulae
694 2385 961 2429 Canm'ienses,
996 2383 1126 2418 Africa
1151 2384 1334 2429 borealis,
1363 2381 1587 2428 Abyssinia,
1606 2380 1718 2415 India
1734 2382 1814 2415 tro-

122 2441 220 2476 pica.

121 2576 241 2619 Ssscr.
278 2578 329 2618 11.
363 2577 808 2620 ΡεΕυῃοοΑιωτκιοΗΕ
841 2578 942 2631 Heg.
972 2577 1081 2620 Mon.
1119 2590 1159 2630 p.
1189 2578 1259 2618 61.
1286 2600 1343 2605 -
1372 2574 1545 2626 Semper
1577 2571 1813 2614 submersoe

415 2634 672 2677 stomatibus
687 2635 878 2689 pilisque
900 2636 1082 2678 stellatis
1097 2637 1303 2677 carentes.
1324 2633 1476 2675 Flore-s
1498 2643 1666 2684 semper
1684 2629 1806 2672 nudi.

415 2695 601 2736 Pollittas·
639 2695 833 2747 gyrantem
869 2694 1122 2737 membrami
1150 2692 1331 2736 eoeternd
1363 2691 1583 2733 destinata.
1623 2689 1812 2732 Fracta-s·

417 2753 582 2795 maturi
608 2765 719 2806 pars
754 2753 939 2795 dimidia
970 2753 1155 2795 sinubus
1185 2750 1426 2805 profundis
1451 2761 1590 2802 usque
1620 2748 1680 2790 ad
1702 2747 1813 2789 amin

412 2811 742 2864 penetrsmtibus
760 2814 996 2865 scyrcyata.
1028 2812 1152 2854 Folia
1177 2809 1426 2853 uninervia.

180 2925 216 2965 5.
246 2924 297 2967 C.
315 2926 593 2966 truncata
616 2922 767 2978 (Guss.
796 2923 856 2963 Pl.
879 2935 963 2964 rar.
985 2935 1022 2976 p.
1046 2923 1085 2974 4,
1113 2921 1196 2963 tab.
1220 2922 1259 2967 3,
1288 2920 1355 2973 lig.
1380 2918 1425 2973 9.)
1444 2917 1554 2959 foliis
1571 2916 1809 2959 linearibus

119 2984 238 3036 apice
274 2983 472 3034 exsectis,
509 2982 634 3033 stylis
672 2982 890 3035 perlongis
932 2980 1365 3034 reflexo-patentibus
1407 2977 1602 3029 caducis,
1643 2976 1810 3017 fructus
