2085 3231
242 200 315 235 138
953 211 1233 237 LEGUMINOSAE.
1735 203 1946 250 Trifolium

307 316 376 357 67.
399 315 466 357 ΔΤ.
498 318 907 358 tomentosum
933 314 1001 370 (L.
1028 315 1099 369 Sp.
1139 315 1271 370 1086)
1297 315 1510 369 glabrum,
1543 315 1739 357 caulibus
1771 314 1960 368 diffusis,

247 374 423 428 stipulis
450 374 794 416 membranaceis
821 374 1222 417 ovato-lanceolatis
1257 374 1526 422 acuminatis,
1566 374 1723 416 foliolis
1760 373 1961 416 obovatis

246 432 687 486 cuspidato-dentatis
706 444 821 486 saepe
837 433 1017 485 retusis,
1039 433 1299 488 pedunculis
1312 434 1412 476 folio
1434 433 1709 475 brevioribus
1735 432 1958 475 interdum

246 491 479 544 subnullis,
525 492 726 545 capitulis
766 492 940 534 demum
983 491 1174 544 globosis
1220 492 1445 535 involucro
1495 491 1838 542 rudimentario‚
1880 491 1963 534 flo-

245 550 369 592 ribus
398 551 730 601 subsessilibus,
758 550 902 603 calyce
938 551 1099 593 corolla
1126 553 1254 593 rosea
1289 552 1417 594 tertia
1439 555 1562 605 parte
1582 550 1784 592 breviore
1807 550 1960 595 fructi-

244 609 337 651 fero
366 609 495 652 dorso
522 609 873 662 globoso-inflato
896 612 1141 653 tomentoso
1178 609 1333 652 obtuso
1357 610 1561 652 dentibus
1599 608 1961 652 subulato-linea—

245 667 370 710 ribus
409 661 512 711 vilio
563 668 788 710 occultatis
834 668 1139 722 superioribus
1184 669 1380 722 deflexis,
1426 669 1640 722 legumine
1676 671 1802 710 ovato
1843 679 1959 710 com-

245 738 401 780 presso
421 731 483 777 O.
518 726 572 768 Ic.
601 727 708 769 Mor.
736 727 797 768 Fl.
823 727 946 769 Sard.
978 727 1063 769 tab.
1093 728 1162 769 64.

293 801 395 835 Hab.
419 801 459 835 in
476 796 651 836 herbidis
670 800 974 836 humidiusculis
993 801 1112 836 totius
1130 801 1289 837 ditionis
1307 812 1329 837 a
1341 801 1559 837 Graecialet
1575 801 1762 836 Thracia!
1784 801 1835 836 ad
1848 810 1957 847 prov.

247 848 599 884 Transcaucasicas
630 847 734 892 (ΜΒ
748 849 788 892 ἱ),
815 847 971 893 Syriam
989 851 1027 883 et
1043 848 1326 893 Palestinaml,
1353 849 1551 884 desertum
1569 849 1670 884 inter
1686 848 1904 895 AEgyptum
1923 849 1960 882 et

242 895 486 931 Palestinani
513 895 593 941 (Ky
605 897 642 940 Ι),
660 895 839 931 Persiam
857 895 1071 931 australem
1088 906 1208 943 prope
1226 896 1390 931 Dalechi
1407 896 1497 941 (ΚΥ.
1517 906 1597 932 exs.
1613 896 1731 941 2022).

249 960 526 1041 hAnlfieogr.
561 959 706 994 Insulae
751 959 1030 1004 Canarienses,
1062 960 1170 1006 regio
1208 959 1493 996 Mediterranea
1530 959 1700 1006 Europae
1737 960 1776 994 et
1816 958 1961 993 Africae

278 1016 434 1042 oreals.

310 1162 378 1203 68.
413 1160 467 1202 Τ.
501 1160 803 1203 bullatum
831 1160 995 1215 (Boiss.
1021 1163 1064 1202 et
1081 1160 1292 1215 Haussk.)
1312 1160 1524 1214 glabrum,
1548 1161 1743 1203 caulibus
1770 1159 1962 1212 diffusis,

248 1220 423 1274 stipulis
464 1219 674 1261 brevibus
713 1219 961 1261 lanceolatis
1008 1219 1202 1262 breviter
1241 1220 1512 1271 acuminatis,
1553 1220 1710 1262 foliolis
1752 1220 1958 1262 obovato-

245 1279 442 1321 cuneatis
467 1279 631 1320 retusis
666 1278 956 1331 denticulatis,
984 1279 1243 1333 pedunculis
1271 1278 1547 1321 filiformihus
1580 1279 1679 1321 folio
1707 1279 1960 1331 sublongio-

244 1338 368 1380 ribus
400 1338 575 1380 tandem
597 1338 788 1387 cernuis,
813 1338 1014 1391 capitulis
1041 1338 1215 1380 demum
1244 1338 1434 1393 globosis
1473 1339 1701 1380 involucro
1733 1338 1957 1380 rudimen-

243 1398 369 1448 tario,
396 1397 580 1439 floribus
615 1397 946 1448 subsessilibus,
986 1398 1129 1450 calyce
1174 1398 1334 1441 corolla
1375 1399 1502 1440 rosea
1544 1398 1720 1440 dimidio
1754 1397 1959 1439 breviore

241 1457 466 1499 fructifero
488 1456 619 1499 dorso
643 1456 820 1510 globoso
843 1455 993 1499 inflato
1018 1456 1301 1499 obtusissimo
1327 1460 1568 1499 tomentoso
1594 1456 1797 1499 dentibus
1826 1467 1957 1509 supe-

242 1516 436 1558 rioribus
463 1515 653 1558 minimis
683 1516 876 1557 breviter
918 1516 1275 1569 triangularibus,
1303 1516 1586 1558 inferioribus
1619 1515 1751 1570 duplo
1790 1515 1959 1568 longio-

241 1575 366 1617 ribus
395 1575 865 1628 oblongo-lanceolatis‚
890 1574 1108 1628 legumine
1140 1579 1266 1617 ovato
1294 1587 1545 1629 compresso
1572 1579 1637 1625 Θ.

236 1684 237 1690 ,
288 1651 389 1685 Hal).
408 1651 450 1685 in
469 1651 591 1697 pratis
610 1650 734 1695 Syriae
759 1650 929 1686 borealis
949 1651 997 1686 ad
1030 1650 1202 1698 Baradja
1228 1651 1328 1686 inter
1349 1651 1502 1697 Aleppo
1531 1653 1569 1686 et
1600 1650 1747 1686 Aintab
1778 1650 1828 1686 ad
1846 1650 1879 1685 ri
1910 1661 1956 1685 as

241 1698 538 1791 gssvssiplffoweik
558 1701 594 1733 et
613 1699 652 1733 in
670 1698 958 1744 Mesopotamia
978 1698 1028 1733 ad
1044 1698 1213 1733 fluvium
1236 1699 1397 1734 Chabur
1426 1702 1464 1734 et
1488 1698 1536 1733 ad
1557 1697 1713 1744 Sindjar
1730 1698 1881 1743 (Hauss
1919 1699 1956 1743 l).

285 1807 348 1842 Ab
375 1807 482 1841 affini
514 1806 554 1842 T.
574 1811 786 1842 tomentoso
816 1807 993 1853 specifice
1025 1807 1179 1843 differre
1202 1807 1359 1843 videtur
1382 1807 1614 1854 pedunculis
1632 1807 1880 1853 longioribus
1899 1809 1959 1842 te—

245 1854 474 1899 nuioribus,
501 1854 648 1900 calycis
674 1855 858 1889 dentibus
877 1854 994 1891 valde
1012 1855 1256 1890 abbreviatis
1275 1855 1559 1901 nigricantibus
1584 1855 1851 1901 superioribus
1876 1854 1959 1890 cal-

240 1901 465 1937 liformibus
484 1912 554 1937 nec
575 1901 793 1946 subulatis3
813 1902 928 1936 flores
947 1905 985 1937 et
1003 1902 1174 1948 capitula
1191 1902 1389 1938 fructifera
1406 1902 1525 1949 paulo
1544 1904 1707 1938 minora.

803 2067 925 2111 SEcT.
965 2068 1031 2110 [V.
1069 2068 1383 2112 VEsmASTRUM.

296 2194 362 2234 69.
397 2193 451 2235 T.
480 2204 839 2246 spumosum
868 2193 936 2248 (L.
970 2192 1042 2247 Sp.
1087 2193 1220 2248 1085)
1258 2194 1473 2247 glabrum,
1522 2194 1718 2237 caulibus
1770 2196 1955 2239 sulcatis

235 2253 395 2294 erectis
438 2253 506 2294 vel
543 2251 731 2304 diffusis,
769 2252 943 2306 stipulis
985 2253 1191 2295 scariosis
1233 2254 1634 2304 setaceo-caudatis,
1668 2254 1827 2296 foliolis
1867 2255 1955 2298 late

234 2311 431 2353 obovatis
453 2311 731 2353 denticulatis
758 2311 1046 2354 inferioribus
1067 2313 1291 2356 truncatis,
1319 2313 1517 2366 capituliS
1548 2313 1852 2366 pedunculatis
1881 2315 1951 2357 vel

232 2370 518 2413 involucratis
543 2370 734 2423 globosis
776 2371 877 2413 dein
915 2371 1069 2424 ovatis,
1113 2371 1344 2413 bracteolis
1393 2372 1738 2425 ovato-oblongis
1781 2385 1954 2416 mucro-

233 2429 346 2471 natis
371 2430 563 2484 calycino
590 2430 694 2472 tubo
723 2430 1015 2483 brevioribus,
1054 2431 1210 2484 calycis
1248 2430 1388 2484 glabri
1408 2430 1741 2473 ‘membranacei
1775 2432 1951 2475 demum

232 2489 359 2531 valde
386 2489 525 2531 inflati
564 2489 681 2531 ovati
716 2489 880 2531 laciniis
917 2502 940 2531 a
976 2489 1073 2531 basi
1103 2490 1246 2532 latiori
1282 2490 1499 2532 subulatis
1536 2490 1709 2532 demum
1751 2492 1953 2534 recurvis

232 2548 335 2590 tubo
353 2548 468 2590 inter
493 2549 548 2590 020
568 2560 728 2590 nervos
752 2552 1008 2591 transverse
1035 2550 1269 2591 nervuloso
1304 2549 1435 2603 triplo
1462 2549 1754 2600 brevioribus,
1785 2551 1952 2593 vexillo

230 2611 369 2658 acuto,
398 2608 618 2661 legumine
645 2608 918 2661 3-4-spermo
946 2609 1005 2655 Θ,
1037 2607 1091 2649 Ic.
1111 2608 1216 2650 Mor.
1237 2609 1297 2650 Fl.
1324 2607 1446 2650 Sard.
1467 2608 1551 2650 tab.
1580 2609 1648 2649 63.
1674 2633 1728 2637 -—
1750 2609 1790 2651 Τ.
1815 2621 1953 2662 ιιι-,Ψι-

230 2667 334 2707 tzmt
350 2666 528 2708 Russell
551 2667 706 2720 Alepp.
742 2668 807 2709 11.
840 2680 880 2721 p.
906 2667 1023 2709 260⁶?
1047 2669 1120 2722 (ex
1144 2667 1269 2723 loco).

276 2741 378 2776 Hab.
398 2741 437 2776 in
454 2742 695 2786 graminosis
715 2742 854 2776 Atticae
869 2743 905 2777 et-
923 2742 1084 2777 Baeotiae
1103 2742 1247 2789 (Sprun
1263 2745 1269 2777 !
1286 2743 1454 2788 Heldrl]‚
1471 2743 1595 2778 Cretae
1608 2743 1751 2788 (Heldr
1764 2745 1803 2788 l),
1818 2743 1949 2780 Rhodi

228 2787 378 2834 (Bourg
391 2790 428 2833 1),
447 2789 625 2824 Thraciae
645 2789 854 2833 (Grisebl),
876 2790 995 2824 totius
1011 2790 1204 2825 Anatoliae
1224 2790 1410 2825 littoralis
1435 2791 1686 2826 occidentalis
1710 2793 1748 2826 et
1766 2792 1952 2827 meridio-

228 2834 333 2870 nalis
358 2836 508 2879 (Boissl
532 2835 651 2880 Ball),
679 2836 804 2881 Syriae
831 2837 881 2871 ad
905 2837 1057 2884 Aleppo
1076 2837 1303 2882 (Hausst
1322 2838 1373 2873 ad
1395 2838 1614 2883 Berythum
1636 2838 1747 2882 (Bu),
1771 2839 1952 2885 Mesopo—

226 2883 439 2965 }almxilagread
467 2884 560 2918 fluv.
592 2883 752 2918 Chabur
778 2884 1008 2929 (Haussk!),
1038 2884 1248 2920 Palestinoe
1268 2886 1307 2920 in
1329 2885 1492 2931 planitie
1514 2885 1732 2921 Esdraelon
1754 2886 1889 2930 (Boiss
1905 2888 1945 2931 l).

272 2992 337 3028 Ar.
366 2993 498 3039 Geoqr.
526 2994 649 3039 Regio
676 2994 964 3030 Mediterranea
989 2995 1157 3042 Europae
1177 2999 1212 3031 et
1232 2996 1372 3031 Africae
1392 2996 1574 3032 borealis.
