2015 3227
129 194 377 232 Colladwu'n.
834 205 1140 231 UMBELLIFERAE.
1765 199 1838 235 917

196 312 235 352 8.
270 309 322 352 C.
349 309 585 353 Ciliciea
610 308 770 363 (Boiss.
796 312 839 351 et
864 309 954 351 Bal.
979 308 1131 361 Diagn.
1159 308 1250 350 Ser.
1277 308 1329 361 II,
1356 310 1395 360 5,
1413 321 1453 362 p.
1480 310 1559 350 102
1578 310 1659 351 sub
1687 309 1840 353 Melio-

137 368 291 423 carpo)
314 369 434 410 caule
462 370 662 422 angulato
690 380 881 421 superne
909 368 1209 421 subtriquetro
1242 380 1435 419 ramese,
1467 368 1579 410 soliis
1608 370 1839 422 papilloso-

135 428 353 482 asperulis
390 427 671 469 inferioribus
718 427 1114 480 Ι1-2-11111[1311500115
1154 427 1388 479 segmentis
1426 427 1620 480 oblongis
1667 429 1837 470 obtusis

133 488 339 529 crenatis.
367 486 554 528 umbella
575 486 699 539 longe
728 486 1069 533 102-·15-1·adiat:⁴1‚
1098 486 1308 526 involucri
1334 489 1375 527 et
1402 485 1645 527 invulueclli
1679 488 1838 541 phyllis

137 545 333 598 oblongis
360 545 546 596 obtusis,
571 546 715 587 fructu
741 544 948 598 pedicello
984 544 1339 596 sesquibreviore
1368 557 1502 597 parvo
1538 549 1685 597 ovato,
1709 546 1839 588 meri-

139 604 283 657 carpio
305 605 441 646 altero
465 604 624 657 saepius
652 606 891 656 tetraptero
908 604 1043 645 altero
1063 603 1260 655 triptero,
1282 603 1361 644 alis
1386 603 1637 646 lateralibus
1658 605 1838 647 seminis

139 663 350 705 diametro
377 662 596 716 subduplo
623 662 864 710 latioribus,
889 661 1135 703 dorsalibus
1154 661 1479 714 angustioribus
1500 664 1839 706 membranaceis

143 734 280 775 usque
307 722 359 763 ad
383 722 506 763 basin
534 721 767 775 pericarpii
801 720 1049 774 perductis,
1090 721 1255 761 semine
1285 721 1528 774 pericarpio
1562 723 1689 763 tertia
1720 726 1841 776 parte

142 780 342 822 breviore
373 787 432 827 26.

189 855 287 890 Hal».
305 855 344 890 in
364 849 501 890 Cilicia
515 853 677 889 littorali
697 864 815 900 prope
833 853 979 888 Tarsus
998 853 1087 898 (ΚΥ.
1105 853 1222 897 2501),
1237 853 1284 888 ad
1300 854 1510 889 chaousli
1529 865 1648 901 prope
1669 855 1843 891 Mersina

140 901 245 946 (Bal.
262 901 351 937 568!
371 902 445 937 sub
463 901 706 947 Melz'ocarpo
725 901 984 947 mz‘erocarpo,
1003 900 1124 936 Cadet
1142 901 1188 936 de
1207 901 1457 946 Fontenayl).
1480 902 1536 936 Fl.
1556 902 1644 937 Jun.

188 965 400 1012 Bipedalis,
419 965 649 1010 mericarpia
666 965 687 998 4
709 965 749 1009 Ἃ
770 964 892 999 lineas
909 963 1050 1009 longa3
1070 964 1210 998 similis
1231 963 1267 999 G.
1287 965 1547 1011 msc-rostarpw
1566 976 1633 1010 pro
1653 969 1731 1011 qua
1755 978 1841 1002 eam

171 1013 250 1047 rius
269 1012 402 1050 habui.
421 1012 549 1047 differt
564 1014 693 1047 tamen
713 1011 821 1046 caule
840 1011 1040 1055 ungulato,
1060 1011 1288 1046 indumento
1307 1012 1499 1057 pupillari,
1519 1012 1592 1047 ‘alis
1612 1012 1841 1049 lateralibus

160 1059 360 1104 atioribus,
380 1060 604 1095 dorsalibus
623 1059 795 1094 dilatatis
814 1069 883 1093 nec
902 1058 1249 1093 carinaeformibus.

315 1247 390 1289 Ta.
424 1246 495 1288 Vl.
530 1243 999 1287 ECHINOPHOREAE.
1036 1245 1129 1286 Bth.
1159 1248 1202 1287 et
1225 1245 1359 1288 Hook.
1388 1246 1493 1289 Gen.
1523 1248 1553 1299 I,
1582 1251 1679 1291 865.

208 1355 416 1397 Umbellae
440 1353 699 1407 compositae.
728 1352 826 1395 Flos
852 1353 1054 1395 centralis
1077 1354 1323 1396 umbellulae
1350 1355 1518 1397 sessilis
1546 1357 1712 1407 fertilis,
1730 1361 1848 1399 exte-

148 1416 288 1458 riores
315 1413 492 1455 masculi
522 1412 776 1465 pedicellati.
803 1412 990 1454 Fructus
1015 1415 1145 1454 teres.
1179 1412 1289 1465 Juga
1321 1415 1577 1457 secundaria
1612 1416 1740 1458 nulla.
1772 1416 1850 1459 Al-

149 1475 311 1517 bumen
337 1473 441 1514 facie
466 1471 662 1513 interiori
692 1471 906 1524 profunde
929 1472 1143 1513 sulcatum
1163 1475 1205 1513 et
1224 1474 1490 1526 marginibus
1518 1474 1776 1518 involutum.
1796 1501 1847 1506 —-

146 1532 312 1575 Tribus
339 1545 363 1573 a
389 1529 618 1574 Seseliizez's
643 1529 863 1572 albumine
887 1530 1050 1572 sulcato
1079 1530 1293 1573 distincta.

644 1709 1000 1757 ECHINOPHORA
1029 1709 1087 1770 (L.
1117 1709 1214 1757 Gen.
1240 1710 1359 1770 329).

213 1826 362 1869 Flores
391 1825 618 1879 pongami,
647 1825 849 1867 centralis
878 1825 1124 1867 umbellulae
1149 1826 1318 1868 sessilis
1346 1830 1389 1868 et
1414 1827 1585 1879 fertilis,
1614 1829 1854 1870 exteriores

154 1885 335 1927 masculi
355 1884 611 1938 pedicellati.
636 1883 803 1937 Calycis
830 1883 982 1925 dentes
1010 1885 1145 1935 acuti,
1186 1885 1342 1927 florum
1364 1886 1638 1928 ‘exteriorum
1668 1888 1857 1940 inaequa-

155 1945 220 1986 les
246 1947 289 1986 et
311 1944 455 1986 rarius
483 1943 601 1985 nulli.
640 1943 786 1984 Petala
822 1943 1002 1985 obovata
1037 1944 1302 1996 emarginata
1343 1957 1438 1987 cum
1474 1945 1659 1987 lacinula
1683 1946 1857 1999 inflexa,

156 2003 224 2045 vel
252 2003 420 2055 integra
447 2003 566 2056 apice
588 2002 761 2044 inflexa.
792 2001 1041 2055 Stylopodia
1065 2004 1210 2045 conica
1237 2003 1416 2057 integra.
1443 2004 1628 2046 Fructus
1656 2005 1859 2058 oblongo-

158 2061 457 2116 pyramidatus
486 2061 688 2103 subteres
716 2061 810 2103 basi
835 2062 1106 2114 receptaculo
1132 2075 1226 2104 cum
1260 2063 1480 2116 pedicellis
1508 2064 1665 2105 florum
1690 2076 1859 2106 mascu-

159 2121 298 2163 lorum
318 2124 485 2163 accreto
503 2120 687 2163 adnatus
707 2124 749 2162 et
768 2120 1006 2162 involutus.
1028 2121 1326 2174 Pericarpium
1350 2122 1727 2165 membranaceum
1741 2122 1858 2177 jugis

159 2180 380 2222 obsoletis.
414 2180 541 2222 Vittae
568 2179 621 2220 ad
650 2179 882 2221 valleculas
911 2179 1129 2221 solitariae.
1157 2181 1373 2223 Albumen
1403 2182 1521 2223 intus
1546 2182 1759 2235 profunde
1787 2194 1860 2224 ex-

160 2242 358 2281 cavatum
395 2240 589 2292 margine
631 2238 906 2280 involutum..
937 2263 991 2267 —
1014 2239 1169 2280 Herba}
1210 2240 1508 2293 spiuescentes
1550 2241 1616 2282 vel
1651 2241 1858 2292 inermes,

162 2297 344 2340 floribus
372 2298 480 2340 albis
504 2298 573 2339 vel
601 2297 789 2340 luteolis.
817 2297 1119 2351 MericarpIum
1141 2299 1326 2340 alterum
1347 2299 1569 2341 interdum
1593 2299 1856 2342 abortivum.

164 2472 285 2516 SECT.
308 2472 340 2514 I.
366 2472 741 2515 EUECHINOPHORA.
756 2497 808 2501 ——
827 2471 996 2525 Calycis
1005 2471 1175 2524 florum
1191 2472 1410 2514 sterilium
1423 2472 1582 2515 lumbus
1599 2474 1864 2516 5-dentatus.

858 2578 877 2596 ¹*
927 2578 1060 2615 Petala
1080 2579 1182 2615 alba.

686 2657 728 2698 4-
779 2653 980 2688 Foliorum
999 2653 1149 2689 lacinize
1169 2653 1350 2700 spinosae.

229 2736 263 2776 1.
297 2735 351 2777 E.
383 2735 633 2789 spinosa
660 2733 726 2788 (L.
756 2733 828 2786 Sp.
860 2732 967 2780 344]
990 2732 1284 2785 glaucescensq
1313 2733 1477 2775 minute
1504 2737 1547 2776 et
1573 2734 1718 2787 patule
1739 2734 1871 2788 hispi-

163 2793 282 2846 dula,
324 2793 445 2836 caule
485 2805 632 2835 crasso
672 2792 1013 2834 sulcato-striato
1043 2805 1065 2833 a
1094 2792 1186 2833 basi
1215 2792 1483 2834 divaricatim
1506 2804 1678 2835 ramoso
1702 2805 1871 2846 corym-

167 2852 286 2904 boso‚
315 2853 428 2895 foliis
448 2852 614 2893 ambitu
637 2851 832 2904 oblongis
859 2851 902 2892 in
928 2850 1102 2892 lacinias
1131 2851 1320 2892 lineares
1345 2863 1514 2893 crassas
1544 2851 1704 2904 rigidas
1723 2852 1870 2905 spino-

167 2923 240 2953 sas
265 2913 456 2964 integras
483 2914 525 2952 et
558 2910 728 2952 trifidas
767 2923 900 2963 supra
939 2910 1241 2951 canaliculatas
1280 2909 1436 2951 subtus
1482 2910 1695 2952 carinatas
1731 2910 1872 2965 bipin-

166 2971 405 3023 uatisectIs,
437 2970 633 3012 umbellae
660 2968 794 3011 radiis
820 2970 893 3010 5-8
919 2968 1126 3010 brevibus
1148 2968 1308 3010 crassis
1324 2968 1626 3022 inaequalibus‚
1653 2969 1870 3012 involucri
