<?xml version="1.0" encoding="UTF-8"?>
<!DOCTYPE html PUBLIC "-//W3C//DTD XHTML 1.0 Transitional//EN"
    "http://www.w3.org/TR/xhtml1/DTD/xhtml1-transitional.dtd">
<html xmlns="http://www.w3.org/1999/xhtml" xml:lang="en" lang="en">
 <head>
  <title>
</title>
<meta http-equiv="Content-Type" content="text/html;charset=utf-8" />
  <meta name='ocr-system' content='tesseract 3.04.00' />
  <meta name='ocr-capabilities' content='ocr_page ocr_carea ocr_par ocr_line ocrx_word'/>
</head>
<body>
  <div class='ocr_page' id='page_1' title='image "./floraorientaliss02bois_0834.png"; bbox 0 0 1959 3221; ppageno 0'>
   <div class='ocr_carea' id='block_1_1' title="bbox 123 210 1829 386">
    <p class='ocr_par' dir='ltr' id='par_1_1' title="bbox 123 210 1829 386">
     <span class='ocr_line' id='line_1_1' title="bbox 123 210 1828 260; baseline 0.002 -15"><span class='ocrx_word' id='word_1_1' title='bbox 123 211 195 248; x_wconf 69' lang='grc'>826</span> <span class='ocrx_word' id='word_1_2' title='bbox 828 218 1135 251; x_wconf 65' lang='lat' dir='ltr'>UMRELLmnRAE.</span> <span class='ocrx_word' id='word_1_3' title='bbox 1588 210 1828 260; x_wconf 72' lang='lat' dir='ltr'>Erynyium.</span> 
     </span>
     <span class='ocr_line' id='line_1_2' title="bbox 128 289 1829 339; baseline 0 -10"><span class='ocrx_word' id='word_1_4' title='bbox 128 292 302 339; x_wconf 89' lang='lat' dir='ltr'>Talysch</span> <span class='ocrx_word' id='word_1_5' title='bbox 321 289 521 337; x_wconf 68' lang='lat' dir='ltr'>(lichen),</span> <span class='ocrx_word' id='word_1_6' title='bbox 550 291 590 326; x_wconf 91' lang='lat' dir='ltr'>in</span> <span class='ocrx_word' id='word_1_7' title='bbox 615 291 805 327; x_wconf 84' lang='lat' dir='ltr'>montosis</span> <span class='ocrx_word' id='word_1_8' title='bbox 828 290 879 327; x_wconf 85' lang='lat' dir='ltr'>ad</span> <span class='ocrx_word' id='word_1_9' title='bbox 907 290 1164 327; x_wconf 84' lang='lat' dir='ltr'>Nemedabad</span> <span class='ocrx_word' id='word_1_10' title='bbox 1182 301 1302 338; x_wconf 85' lang='lat' dir='ltr'>prope</span> <span class='ocrx_word' id='word_1_11' title='bbox 1318 290 1458 328; x_wconf 85' lang='lat' dir='ltr'>Tahris</span> <span class='ocrx_word' id='word_1_12' title='bbox 1477 291 1517 327; x_wconf 91' lang='lat' dir='ltr'>in</span> <span class='ocrx_word' id='word_1_13' title='bbox 1535 291 1682 335; x_wconf 76' lang='lat' dir='ltr'>ditione</span> <span class='ocrx_word' id='word_1_14' title='bbox 1705 293 1829 329; x_wconf 76' lang='lat' dir='ltr'>Ader-</span> 
     </span>
     <span class='ocr_line' id='line_1_3' title="bbox 127 338 599 386; baseline -0.011 -8"><span class='ocrx_word' id='word_1_15' title='bbox 127 340 263 386; x_wconf 74' lang='lat' dir='ltr'>bidJau</span> <span class='ocrx_word' id='word_1_16' title='bbox 282 339 450 384; x_wconf 76' lang='lat' dir='ltr'>(Buhsel</span> <span class='ocrx_word' id='word_1_17' title='bbox 472 338 599 384; x_wconf 84' lang='lat' dir='ltr'>Bgel).</span> 
     </span>
    </p>
   </div>
   <div class='ocr_carea' id='block_1_2' title="bbox 125 400 1827 640">
    <p class='ocr_par' dir='ltr' id='par_1_2' title="bbox 125 400 1827 640">
     <span class='ocr_line' id='line_1_4' title="bbox 173 400 1827 455; baseline -0.001 -16"><span class='ocrx_word' id='word_1_18' title='bbox 173 403 328 450; x_wconf 77' lang='lat' dir='ltr'>Species</span> <span class='ocrx_word' id='word_1_19' title='bbox 345 403 440 438; x_wconf 81' lang='lat' dir='ltr'>facie</span> <span class='ocrx_word' id='word_1_20' title='bbox 459 404 496 437; x_wconf 89' lang='lat' dir='ltr'>et</span> <span class='ocrx_word' id='word_1_21' title='bbox 515 401 801 437; x_wconf 81' lang='lat' dir='ltr'>characteribus</span> <span class='ocrx_word' id='word_1_22' title='bbox 823 401 950 437; x_wconf 84' lang='lat' dir='ltr'>affinis</span> <span class='ocrx_word' id='word_1_23' title='bbox 976 400 1019 436; x_wconf 87' lang='lat' dir='ltr'>E.</span> <span class='ocrx_word' id='word_1_24' title='bbox 1039 400 1240 455; x_wconf 57' lang='lat' dir='ltr'>Rom-pati</span> <span class='ocrx_word' id='word_1_25' title='bbox 1266 401 1371 437; x_wconf 85' lang='lat' dir='ltr'>foliis</span> <span class='ocrx_word' id='word_1_26' title='bbox 1398 402 1520 438; x_wconf 83' lang='lat' dir='ltr'>etiam&#39;</span> <span class='ocrx_word' id='word_1_27' title='bbox 1541 402 1706 438; x_wconf 85' lang='lat' dir='ltr'>caulinis</span> <span class='ocrx_word' id='word_1_28' title='bbox 1737 413 1827 450; x_wconf 90' lang='lat' dir='ltr'>pro-</span> 
     </span>
     <span class='ocr_line' id='line_1_5' title="bbox 126 447 1824 496; baseline -0.001 -9"><span class='ocrx_word' id='word_1_29' title='bbox 126 451 246 487; x_wconf 84' lang='lat' dir='ltr'>funde</span> <span class='ocrx_word' id='word_1_30' title='bbox 264 449 584 496; x_wconf 80' lang='lat' dir='ltr'>pinnatipartitiS,</span> <span class='ocrx_word' id='word_1_31' title='bbox 601 447 752 495; x_wconf 76' lang='lat' dir='ltr'>phyllis</span> <span class='ocrx_word' id='word_1_32' title='bbox 770 448 892 494; x_wconf 61' lang='lat'>1042,</span> <span class='ocrx_word' id='word_1_33' title='bbox 910 448 1054 494; x_wconf 83' lang='lat' dir='ltr'>calycis</span> <span class='ocrx_word' id='word_1_34' title='bbox 1072 448 1233 495; x_wconf 79' lang='lat' dir='ltr'>papillis</span> <span class='ocrx_word' id='word_1_35' title='bbox 1253 449 1414 494; x_wconf 85' lang='lat' dir='ltr'>obtusis,</span> <span class='ocrx_word' id='word_1_36' title='bbox 1433 452 1491 485; x_wconf 90' lang='lat' dir='ltr'>etc</span> <span class='ocrx_word' id='word_1_37' title='bbox 1507 478 1515 494; x_wconf 88' lang='lat'>,</span> <span class='ocrx_word' id='word_1_38' title='bbox 1537 449 1731 486; x_wconf 84' lang='lat' dir='ltr'>distincto.</span> <span class='ocrx_word' id='word_1_39' title='bbox 1752 450 1824 486; x_wconf 89' lang='lat' dir='ltr'>Va-</span> 
     </span>
     <span class='ocr_line' id='line_1_6' title="bbox 125 496 1824 545; baseline -0.001 -11"><span class='ocrx_word' id='word_1_40' title='bbox 125 499 282 535; x_wconf 85' lang='lat' dir='ltr'>rietates</span> <span class='ocrx_word' id='word_1_41' title='bbox 301 497 482 532; x_wconf 69' lang='lat' dir='ltr'>indicatae</span> <span class='ocrx_word' id='word_1_42' title='bbox 499 496 634 531; x_wconf 89' lang='lat' dir='ltr'>formis</span> <span class='ocrx_word' id='word_1_43' title='bbox 652 496 895 531; x_wconf 82' lang='lat' dir='ltr'>intermediis</span> <span class='ocrx_word' id='word_1_44' title='bbox 912 498 1195 531; x_wconf 83' lang='lat' dir='ltr'>connectuntur</span> <span class='ocrx_word' id='word_1_45' title='bbox 1215 498 1253 532; x_wconf 89' lang='lat' dir='ltr'>et</span> <span class='ocrx_word' id='word_1_46' title='bbox 1272 496 1313 532; x_wconf 90' lang='lat' dir='ltr'>in</span> <span class='ocrx_word' id='word_1_47' title='bbox 1332 496 1527 541; x_wconf 84' lang='lat' dir='ltr'>omnihus,</span> <span class='ocrx_word' id='word_1_48' title='bbox 1549 497 1591 532; x_wconf 89' lang='lat' dir='ltr'>in</span> <span class='ocrx_word' id='word_1_49' title='bbox 1606 508 1688 533; x_wconf 86' lang='lat' dir='ltr'>var.</span> <span class='ocrx_word' id='word_1_50' title='bbox 1707 496 1731 545; x_wconf 87' lang='grc' dir='ltr'>β</span> <span class='ocrx_word' id='word_1_51' title='bbox 1749 497 1824 533; x_wconf 85' lang='lat' dir='ltr'>fre·</span> 
     </span>
     <span class='ocr_line' id='line_1_7' title="bbox 125 542 1824 593; baseline 0 -13"><span class='ocrx_word' id='word_1_52' title='bbox 125 545 320 593; x_wconf 83' lang='lat' dir='ltr'>quentiuS‚</span> <span class='ocrx_word' id='word_1_53' title='bbox 339 544 535 580; x_wconf 82' lang='lat' dir='ltr'>interdum</span> <span class='ocrx_word' id='word_1_54' title='bbox 555 543 667 590; x_wconf 82' lang='lat' dir='ltr'>palea</span> <span class='ocrx_word' id='word_1_55' title='bbox 697 542 818 578; x_wconf 84' lang='lat' dir='ltr'>altera</span> <span class='ocrx_word' id='word_1_56' title='bbox 843 544 1012 579; x_wconf 79' lang='lat' dir='ltr'>exterior</span> <span class='ocrx_word' id='word_1_57' title='bbox 1031 543 1146 579; x_wconf 87' lang='lat' dir='ltr'>dente</span> <span class='ocrx_word' id='word_1_58' title='bbox 1164 546 1278 579; x_wconf 84' lang='lat' dir='ltr'>aucta</span> <span class='ocrx_word' id='word_1_59' title='bbox 1296 543 1528 580; x_wconf 81' lang='lat' dir='ltr'>observatur</span> <span class='ocrx_word' id='word_1_60' title='bbox 1544 545 1757 582; x_wconf 83' lang='lat' dir='ltr'>transitum</span> <span class='ocrx_word' id='word_1_61' title='bbox 1774 544 1824 580; x_wconf 87' lang='lat' dir='ltr'>ad</span> 
     </span>
     <span class='ocr_line' id='line_1_8' title="bbox 125 590 1091 640; baseline -0.003 -11"><span class='ocrx_word' id='word_1_62' title='bbox 125 593 273 640; x_wconf 88' lang='lat' dir='ltr'>species</span> <span class='ocrx_word' id='word_1_63' title='bbox 292 591 417 638; x_wconf 84' lang='lat' dir='ltr'>paleis</span> <span class='ocrx_word' id='word_1_64' title='bbox 436 590 701 637; x_wconf 81' lang='lat' dir='ltr'>tricuspidatis</span> <span class='ocrx_word' id='word_1_65' title='bbox 720 590 885 626; x_wconf 87' lang='lat' dir='ltr'>donatas</span> <span class='ocrx_word' id='word_1_66' title='bbox 903 590 1091 638; x_wconf 81' lang='lat' dir='ltr'>praebens.</span> 
     </span>
    </p>
   </div>
   <div class='ocr_carea' id='block_1_3' title="bbox 124 721 1832 1133">
    <p class='ocr_par' dir='ltr' id='par_1_3' title="bbox 124 721 1832 1133">
     <span class='ocr_line' id='line_1_9' title="bbox 189 721 1829 779; baseline 0 -12"><span class='ocrx_word' id='word_1_67' title='bbox 189 727 254 767; x_wconf 71' lang='lat'>14,</span> <span class='ocrx_word' id='word_1_68' title='bbox 293 725 347 768; x_wconf 79' lang='lat' dir='ltr'>E.</span> <span class='ocrx_word' id='word_1_69' title='bbox 382 721 744 767; x_wconf 86' lang='lat' dir='ltr'>Heldreichii</span> <span class='ocrx_word' id='word_1_70' title='bbox 771 723 930 779; x_wconf 80' lang='lat' dir='ltr'>[Boiss.</span> <span class='ocrx_word' id='word_1_71' title='bbox 960 723 1110 777; x_wconf 83' lang='lat' dir='ltr'>Diagn.</span> <span class='ocrx_word' id='word_1_72' title='bbox 1154 721 1247 766; x_wconf 88' lang='lat' dir='ltr'>Ser.</span> <span class='ocrx_word' id='word_1_73' title='bbox 1286 723 1319 777; x_wconf 91' lang='lat' dir='ltr'>I,</span> <span class='ocrx_word' id='word_1_74' title='bbox 1364 725 1430 775; x_wconf 85' lang='lat'>10,</span> <span class='ocrx_word' id='word_1_75' title='bbox 1470 737 1509 778; x_wconf 90' lang='lat' dir='ltr'>p.</span> <span class='ocrx_word' id='word_1_76' title='bbox 1553 724 1628 778; x_wconf 69' lang='lat'>20)</span> <span class='ocrx_word' id='word_1_77' title='bbox 1667 724 1829 778; x_wconf 85' lang='lat' dir='ltr'>pallide</span> 
     </span>
     <span class='ocr_line' id='line_1_10' title="bbox 124 783 1830 837; baseline -0.001 -9"><span class='ocrx_word' id='word_1_78' title='bbox 124 785 275 828; x_wconf 87' lang='lat' dir='ltr'>virens</span> <span class='ocrx_word' id='word_1_79' title='bbox 313 785 382 827; x_wconf 90' lang='lat' dir='ltr'>vel</span> <span class='ocrx_word' id='word_1_80' title='bbox 425 795 615 837; x_wconf 84' lang='lat' dir='ltr'>superne</span> <span class='ocrx_word' id='word_1_81' title='bbox 651 783 809 837; x_wconf 89' lang='lat' dir='ltr'>pallide</span> <span class='ocrx_word' id='word_1_82' title='bbox 845 783 1146 834; x_wconf 84' lang='lat' dir='ltr'>caerulesccnS‚</span> <span class='ocrx_word' id='word_1_83' title='bbox 1187 783 1386 826; x_wconf 87' lang='lat' dir='ltr'>foliorum</span> <span class='ocrx_word' id='word_1_84' title='bbox 1418 783 1673 826; x_wconf 85' lang='lat' dir='ltr'>radicalium</span> <span class='ocrx_word' id='word_1_85' title='bbox 1693 783 1830 828; x_wconf 86' lang='lat' dir='ltr'>limbo</span> 
     </span>
     <span class='ocr_line' id='line_1_11' title="bbox 125 841 1828 899; baseline -0.001 -12"><span class='ocrx_word' id='word_1_86' title='bbox 125 856 261 899; x_wconf 83' lang='lat' dir='ltr'>parvo</span> <span class='ocrx_word' id='word_1_87' title='bbox 285 843 522 885; x_wconf 84' lang='lat' dir='ltr'>orbiculato</span> <span class='ocrx_word' id='word_1_88' title='bbox 549 842 874 884; x_wconf 81' lang='lat' dir='ltr'>biternatisecto</span> <span class='ocrx_word' id='word_1_89' title='bbox 914 842 1077 885; x_wconf 86' lang='lat' dir='ltr'>laciniis</span> <span class='ocrx_word' id='word_1_90' title='bbox 1100 841 1314 885; x_wconf 87' lang='lat' dir='ltr'>intricatis</span> <span class='ocrx_word' id='word_1_91' title='bbox 1357 842 1551 885; x_wconf 83' lang='lat' dir='ltr'>breviter</span> <span class='ocrx_word' id='word_1_92' title='bbox 1579 843 1828 886; x_wconf 84' lang='lat' dir='ltr'>lanceolalis</span> 
     </span>
     <span class='ocr_line' id='line_1_12' title="bbox 127 900 1825 958; baseline -0.001 -12"><span class='ocrx_word' id='word_1_93' title='bbox 127 902 330 958; x_wconf 83' lang='lat' dir='ltr'>spinosis,</span> <span class='ocrx_word' id='word_1_94' title='bbox 358 901 540 945; x_wconf 84' lang='lat' dir='ltr'>caulinis</span> <span class='ocrx_word' id='word_1_95' title='bbox 576 901 968 955; x_wconf 81' lang='lat' dir='ltr'>multi-tripartitis,</span> <span class='ocrx_word' id='word_1_96' title='bbox 991 900 1189 955; x_wconf 84' lang='lat' dir='ltr'>capitulis</span> <span class='ocrx_word' id='word_1_97' title='bbox 1213 902 1284 943; x_wconf 82' lang='lat'>3-5</span> <span class='ocrx_word' id='word_1_98' title='bbox 1307 901 1589 955; x_wconf 82' lang='lat' dir='ltr'>corymbosis‚</span> <span class='ocrx_word' id='word_1_99' title='bbox 1612 901 1825 945; x_wconf 84' lang='lat' dir='ltr'>involucri</span> 
     </span>
     <span class='ocr_line' id='line_1_13' title="bbox 125 960 1832 1017; baseline -0.001 -13"><span class='ocrx_word' id='word_1_100' title='bbox 125 962 286 1017; x_wconf 82' lang='lat' dir='ltr'>phyllis</span> <span class='ocrx_word' id='word_1_101' title='bbox 314 964 384 1004; x_wconf 81' lang='lat'>7-8</span> <span class='ocrx_word' id='word_1_102' title='bbox 412 960 614 1002; x_wconf 80' lang='lat' dir='ltr'>carinatis</span> <span class='ocrx_word' id='word_1_103' title='bbox 636 960 1109 1003; x_wconf 80' lang='lat' dir='ltr'>lanceolata-subulatis</span> <span class='ocrx_word' id='word_1_104' title='bbox 1149 960 1416 1014; x_wconf 87' lang='lat' dir='ltr'>subintegris</span> <span class='ocrx_word' id='word_1_105' title='bbox 1454 960 1606 1014; x_wconf 79' lang='lat' dir='ltr'>rigidis</span> <span class='ocrx_word' id='word_1_106' title='bbox 1640 960 1832 1015; x_wconf 84' lang='lat' dir='ltr'>capitulo-</span> 
     </span>
     <span class='ocr_line' id='line_1_14' title="bbox 126 1018 1831 1075; baseline -0.001 -11"><span class='ocrx_word' id='word_1_107' title='bbox 126 1022 256 1075; x_wconf 86' lang='lat' dir='ltr'>triplo</span> <span class='ocrx_word' id='word_1_108' title='bbox 284 1020 565 1074; x_wconf 80' lang='lat' dir='ltr'>longioribus,</span> <span class='ocrx_word' id='word_1_109' title='bbox 589 1020 723 1073; x_wconf 82' lang='lat' dir='ltr'>paleis</span> <span class='ocrx_word' id='word_1_110' title='bbox 751 1018 967 1062; x_wconf 77' lang='lat' dir='ltr'>subulatis</span> <span class='ocrx_word' id='word_1_111' title='bbox 991 1020 1133 1074; x_wconf 81' lang='lat' dir='ltr'>calyce</span> <span class='ocrx_word' id='word_1_112' title='bbox 1159 1019 1526 1075; x_wconf 81' lang='lat' dir='ltr'>sublongioribus⁷</span> <span class='ocrx_word' id='word_1_113' title='bbox 1548 1019 1704 1074; x_wconf 88' lang='lat' dir='ltr'>calycis</span> <span class='ocrx_word' id='word_1_114' title='bbox 1727 1020 1831 1062; x_wconf 84' lang='lat' dir='ltr'>laci—</span> 
     </span>
     <span class='ocr_line' id='line_1_15' title="bbox 126 1078 962 1133; baseline -0.005 -10"><span class='ocrx_word' id='word_1_115' title='bbox 126 1081 211 1123; x_wconf 79' lang='lat' dir='ltr'>niis</span> <span class='ocrx_word' id='word_1_116' title='bbox 237 1080 430 1133; x_wconf 82' lang='lat' dir='ltr'>oblongis</span> <span class='ocrx_word' id='word_1_117' title='bbox 457 1080 581 1132; x_wconf 86' lang='lat' dir='ltr'>longe</span> <span class='ocrx_word' id='word_1_118' title='bbox 608 1078 872 1120; x_wconf 87' lang='lat' dir='ltr'>mucronatis</span> <span class='ocrx_word' id='word_1_119' title='bbox 906 1082 962 1124; x_wconf 67' lang='lat'>26.</span> 
     </span>
    </p>
   </div>
   <div class='ocr_carea' id='block_1_4' title="bbox 127 1151 1831 1341">
    <p class='ocr_par' dir='ltr' id='par_1_4' title="bbox 127 1151 1831 1341">
     <span class='ocr_line' id='line_1_16' title="bbox 174 1151 1831 1199; baseline -0.001 -10"><span class='ocrx_word' id='word_1_120' title='bbox 174 1155 274 1189; x_wconf 85' lang='lat' dir='ltr'>Hah.</span> <span class='ocrx_word' id='word_1_121' title='bbox 294 1154 334 1188; x_wconf 89' lang='lat' dir='ltr'>in</span> <span class='ocrx_word' id='word_1_122' title='bbox 352 1154 508 1199; x_wconf 84' lang='lat' dir='ltr'>regione</span> <span class='ocrx_word' id='word_1_123' title='bbox 539 1153 752 1199; x_wconf 77' lang='lat' dir='ltr'>subalpina</span> <span class='ocrx_word' id='word_1_124' title='bbox 776 1152 921 1188; x_wconf 85' lang='lat' dir='ltr'>montis</span> <span class='ocrx_word' id='word_1_125' title='bbox 948 1152 1162 1188; x_wconf 90' lang='lat' dir='ltr'>Boudroun</span> <span class='ocrx_word' id='word_1_126' title='bbox 1194 1152 1352 1188; x_wconf 86' lang='lat' dir='ltr'>Pisidiae</span> <span class='ocrx_word' id='word_1_127' title='bbox 1378 1151 1831 1197; x_wconf 75' lang='lat' dir='ltr'>alt.5000’(He1dr!)‚in</span> 
     </span>
     <span class='ocr_line' id='line_1_17' title="bbox 127 1199 1829 1248; baseline -0.001 -12"><span class='ocrx_word' id='word_1_128' title='bbox 127 1202 285 1247; x_wconf 75' lang='lat' dir='ltr'>regione</span> <span class='ocrx_word' id='word_1_129' title='bbox 303 1201 438 1248; x_wconf 76' lang='lat' dir='ltr'>alpina</span> <span class='ocrx_word' id='word_1_130' title='bbox 456 1200 597 1235; x_wconf 84' lang='lat' dir='ltr'>Libani</span> <span class='ocrx_word' id='word_1_131' title='bbox 614 1200 714 1235; x_wconf 88' lang='lat' dir='ltr'>inter</span> <span class='ocrx_word' id='word_1_132' title='bbox 732 1200 891 1235; x_wconf 86' lang='lat' dir='ltr'>Dimam</span> <span class='ocrx_word' id='word_1_133' title='bbox 910 1202 948 1235; x_wconf 86' lang='lat' dir='ltr'>et</span> <span class='ocrx_word' id='word_1_134' title='bbox 961 1199 1170 1245; x_wconf 82' lang='lat' dir='ltr'>Yamouny</span> <span class='ocrx_word' id='word_1_135' title='bbox 1200 1200 1299 1245; x_wconf 72' lang='grc' dir='ltr'>(ΒΗ)</span> <span class='ocrx_word' id='word_1_136' title='bbox 1331 1201 1368 1235; x_wconf 92' lang='lat' dir='ltr'>et</span> <span class='ocrx_word' id='word_1_137' title='bbox 1391 1200 1429 1234; x_wconf 91' lang='lat' dir='ltr'>in</span> <span class='ocrx_word' id='word_1_138' title='bbox 1457 1199 1616 1245; x_wconf 80' lang='lat' dir='ltr'>regione</span> <span class='ocrx_word' id='word_1_139' title='bbox 1643 1200 1773 1235; x_wconf 80' lang='lat' dir='ltr'>media</span> <span class='ocrx_word' id='word_1_140' title='bbox 1793 1201 1829 1235; x_wconf 89' lang='lat' dir='ltr'>et</span> 
     </span>
     <span class='ocr_line' id='line_1_18' title="bbox 127 1246 1827 1295; baseline -0.001 -11"><span class='ocrx_word' id='word_1_141' title='bbox 127 1249 319 1295; x_wconf 84' lang='lat' dir='ltr'>superiori</span> <span class='ocrx_word' id='word_1_142' title='bbox 338 1248 482 1283; x_wconf 83' lang='lat' dir='ltr'>montis</span> <span class='ocrx_word' id='word_1_143' title='bbox 500 1248 675 1283; x_wconf 89' lang='lat' dir='ltr'>Hermon</span> <span class='ocrx_word' id='word_1_144' title='bbox 703 1246 922 1282; x_wconf 87' lang='lat' dir='ltr'>Antilibani</span> <span class='ocrx_word' id='word_1_145' title='bbox 951 1246 1014 1282; x_wconf 79' lang='lat' dir='ltr'>alt.</span> <span class='ocrx_word' id='word_1_146' title='bbox 1044 1246 1270 1283; x_wconf 76' lang='lat'>7000’-9000&#39;</span> <span class='ocrx_word' id='word_1_147' title='bbox 1293 1246 1452 1293; x_wconf 81' lang='lat' dir='ltr'>(Boiss!‚</span> <span class='ocrx_word' id='word_1_148' title='bbox 1471 1246 1590 1283; x_wconf 84' lang='lat' dir='ltr'>Gaill.</span> <span class='ocrx_word' id='word_1_149' title='bbox 1609 1257 1690 1282; x_wconf 82' lang='lat' dir='ltr'>exs.</span> <span class='ocrx_word' id='word_1_150' title='bbox 1715 1246 1827 1282; x_wconf 77' lang='lat'>18:281</span> 
     </span>
     <span class='ocr_line' id='line_1_19' title="bbox 128 1294 840 1341; baseline -0.001 -11"><span class='ocrx_word' id='word_1_151' title='bbox 128 1295 190 1341; x_wconf 83' lang='lat' dir='ltr'>1&lt;y</span> <span class='ocrx_word' id='word_1_152' title='bbox 220 1306 297 1331; x_wconf 88' lang='lat' dir='ltr'>exs.</span> <span class='ocrx_word' id='word_1_153' title='bbox 317 1295 386 1331; x_wconf 80' lang='lat'>197</span> <span class='ocrx_word' id='word_1_154' title='bbox 404 1295 479 1330; x_wconf 87' lang='lat' dir='ltr'>sub</span> <span class='ocrx_word' id='word_1_155' title='bbox 498 1295 542 1330; x_wconf 86' lang='lat' dir='ltr'>E.</span> <span class='ocrx_word' id='word_1_156' title='bbox 562 1294 840 1339; x_wconf 68' lang='lat' dir='ltr'>Rz&#39;llardz&#39;erz&#39;0.</span> 
     </span>
    </p>
   </div>
   <div class='ocr_carea' id='block_1_5' title="bbox 128 1358 1831 1500">
    <p class='ocr_par' dir='ltr' id='par_1_5' title="bbox 128 1358 1831 1500">
     <span class='ocr_line' id='line_1_20' title="bbox 173 1358 1829 1407; baseline -0.001 -11"><span class='ocrx_word' id='word_1_157' title='bbox 173 1361 313 1396; x_wconf 82' lang='lat' dir='ltr'>Planta</span> <span class='ocrx_word' id='word_1_158' title='bbox 336 1361 394 1395; x_wconf 87' lang='grc'>1-1</span> <span class='ocrx_word' id='word_1_159' title='bbox 417 1360 458 1404; x_wconf 80' lang='lat' dir='ltr'>¹s2</span> <span class='ocrx_word' id='word_1_160' title='bbox 484 1360 647 1406; x_wconf 82' lang='lat' dir='ltr'>pedalis,</span> <span class='ocrx_word' id='word_1_161' title='bbox 673 1360 789 1395; x_wconf 86' lang='lat' dir='ltr'>facies</span> <span class='ocrx_word' id='word_1_162' title='bbox 822 1362 860 1395; x_wconf 90' lang='lat' dir='ltr'>et</span> <span class='ocrx_word' id='word_1_163' title='bbox 887 1359 980 1396; x_wconf 88' lang='lat' dir='ltr'>folia</span> <span class='ocrx_word' id='word_1_164' title='bbox 1009 1371 1132 1407; x_wconf 84' lang='lat' dir='ltr'>parva</span> <span class='ocrx_word' id='word_1_165' title='bbox 1162 1359 1205 1395; x_wconf 90' lang='lat' dir='ltr'>E.</span> <span class='ocrx_word' id='word_1_166' title='bbox 1243 1358 1443 1406; x_wconf 70' lang='lat' dir='ltr'>Bouryati</span> <span class='ocrx_word' id='word_1_167' title='bbox 1474 1371 1496 1395; x_wconf 86' lang='lat' dir='ltr'>a</span> <span class='ocrx_word' id='word_1_168' title='bbox 1523 1370 1602 1406; x_wconf 87' lang='lat' dir='ltr'>quo</span> <span class='ocrx_word' id='word_1_169' title='bbox 1637 1361 1681 1395; x_wconf 88' lang='lat' dir='ltr'>ut</span> <span class='ocrx_word' id='word_1_170' title='bbox 1711 1361 1748 1395; x_wconf 85' lang='lat' dir='ltr'>et</span> <span class='ocrx_word' id='word_1_171' title='bbox 1776 1359 1829 1394; x_wconf 83' lang='lat' dir='ltr'>ab</span> 
     </span>
     <span class='ocr_line' id='line_1_21' title="bbox 128 1407 1831 1454; baseline -0.001 -11"><span class='ocrx_word' id='word_1_172' title='bbox 128 1407 173 1443; x_wconf 91' lang='lat' dir='ltr'>E.</span> <span class='ocrx_word' id='word_1_173' title='bbox 194 1407 428 1444; x_wconf 80' lang='lat' dir='ltr'>Bz&#39;llardz‘erz‘</span> <span class='ocrx_word' id='word_1_174' title='bbox 442 1407 636 1443; x_wconf 88' lang='lat' dir='ltr'>involucri</span> <span class='ocrx_word' id='word_1_175' title='bbox 655 1407 803 1454; x_wconf 84' lang='lat' dir='ltr'>phyllis</span> <span class='ocrx_word' id='word_1_176' title='bbox 831 1407 960 1453; x_wconf 88' lang='lat' dir='ltr'>longis</span> <span class='ocrx_word' id='word_1_177' title='bbox 991 1407 1176 1443; x_wconf 85' lang='lat' dir='ltr'>carinatis</span> <span class='ocrx_word' id='word_1_178' title='bbox 1203 1408 1380 1453; x_wconf 82' lang='lat' dir='ltr'>margine</span> <span class='ocrx_word' id='word_1_179' title='bbox 1408 1407 1573 1452; x_wconf 82' lang='lat' dir='ltr'>integris</span> <span class='ocrx_word' id='word_1_180' title='bbox 1599 1417 1669 1443; x_wconf 90' lang='lat' dir='ltr'>nec</span> <span class='ocrx_word' id='word_1_181' title='bbox 1695 1407 1831 1454; x_wconf 88' lang='lat' dir='ltr'>spinu-</span> 
     </span>
     <span class='ocr_line' id='line_1_22' title="bbox 128 1454 660 1500; baseline -0.002 -10"><span class='ocrx_word' id='word_1_182' title='bbox 128 1454 225 1491; x_wconf 69' lang='lat' dir='ltr'>losis</span> <span class='ocrx_word' id='word_1_183' title='bbox 245 1455 376 1490; x_wconf 76' lang='lat' dir='ltr'>statim</span> <span class='ocrx_word' id='word_1_184' title='bbox 395 1455 660 1500; x_wconf 76' lang='lat' dir='ltr'>distinguitur.</span> 
     </span>
    </p>
   </div>
   <div class='ocr_carea' id='block_1_6' title="bbox 337 1583 1610 1632">
    <p class='ocr_par' dir='ltr' id='par_1_6' title="bbox 337 1583 1610 1632">
     <span class='ocr_line' id='line_1_23' title="bbox 337 1583 1610 1632; baseline -0.001 -12"><span class='ocrx_word' id='word_1_185' title='bbox 337 1588 379 1629; x_wconf 61' lang='grc'>«4-</span> <span class='ocrx_word' id='word_1_186' title='bbox 430 1588 472 1629; x_wconf 68' lang='lat'>4-</span> <span class='ocrx_word' id='word_1_187' title='bbox 522 1583 770 1631; x_wconf 84' lang='lat' dir='ltr'>Receptaculi</span> <span class='ocrx_word' id='word_1_188' title='bbox 791 1584 913 1632; x_wconf 77' lang='lat' dir='ltr'>paleae</span> <span class='ocrx_word' id='word_1_189' title='bbox 931 1586 1084 1621; x_wconf 88' lang='lat' dir='ltr'>tantum</span> <span class='ocrx_word' id='word_1_190' title='bbox 1102 1584 1312 1620; x_wconf 82' lang='lat' dir='ltr'>exteriores</span> <span class='ocrx_word' id='word_1_191' title='bbox 1329 1583 1610 1631; x_wconf 84' lang='lat' dir='ltr'>tricuspidatae.</span> 
     </span>
    </p>
   </div>
   <div class='ocr_carea' id='block_1_7' title="bbox 123 1664 1832 2182">
    <p class='ocr_par' dir='ltr' id='par_1_7' title="bbox 123 1664 1832 2182">
     <span class='ocr_line' id='line_1_24' title="bbox 197 1664 1832 1722; baseline -0.001 -14"><span class='ocrx_word' id='word_1_192' title='bbox 197 1668 259 1708; x_wconf 83' lang='lat'>15.</span> <span class='ocrx_word' id='word_1_193' title='bbox 294 1667 348 1709; x_wconf 88' lang='grc' dir='ltr'>Ε.</span> <span class='ocrx_word' id='word_1_194' title='bbox 374 1666 849 1721; x_wconf 84' lang='lat' dir='ltr'>amethystinum</span> <span class='ocrx_word' id='word_1_195' title='bbox 873 1665 943 1722; x_wconf 72' lang='lat' dir='ltr'>(L.</span> <span class='ocrx_word' id='word_1_196' title='bbox 974 1666 1047 1720; x_wconf 87' lang='lat' dir='ltr'>Sp.</span> <span class='ocrx_word' id='word_1_197' title='bbox 1077 1667 1160 1708; x_wconf 79' lang='lat'>337</span> <span class='ocrx_word' id='word_1_198' title='bbox 1193 1679 1281 1708; x_wconf 86' lang='lat' dir='ltr'>var.</span> <span class='ocrx_word' id='word_1_199' title='bbox 1313 1666 1368 1719; x_wconf 81' lang='grc' dir='ltr'>α)</span> <span class='ocrx_word' id='word_1_200' title='bbox 1399 1666 1510 1708; x_wconf 86' lang='lat' dir='ltr'>foliis</span> <span class='ocrx_word' id='word_1_201' title='bbox 1540 1664 1832 1708; x_wconf 79' lang='lat' dir='ltr'>subcoriaceis</span> 
     </span>
     <span class='ocr_line' id='line_1_25' title="bbox 129 1723 1831 1779; baseline -0.002 -10"><span class='ocrx_word' id='word_1_202' title='bbox 129 1726 330 1769; x_wconf 85' lang='lat' dir='ltr'>nervosis</span> <span class='ocrx_word' id='word_1_203' title='bbox 355 1726 583 1768; x_wconf 87' lang='lat' dir='ltr'>decursive</span> <span class='ocrx_word' id='word_1_204' title='bbox 605 1725 950 1779; x_wconf 81' lang='lat' dir='ltr'>bipinnatisectis</span> <span class='ocrx_word' id='word_1_205' title='bbox 968 1725 1355 1779; x_wconf 80' lang='lat' dir='ltr'>spinoso-dentatis</span> <span class='ocrx_word' id='word_1_206' title='bbox 1374 1725 1540 1767; x_wconf 86' lang='lat' dir='ltr'>laciniis</span> <span class='ocrx_word' id='word_1_207' title='bbox 1563 1723 1831 1766; x_wconf 85' lang='lat' dir='ltr'>lineari-lan—</span> 
     </span>
     <span class='ocr_line' id='line_1_26' title="bbox 128 1783 1828 1839; baseline -0.002 -11"><span class='ocrx_word' id='word_1_208' title='bbox 128 1785 319 1838; x_wconf 81' lang='lat' dir='ltr'>ceolatis,</span> <span class='ocrx_word' id='word_1_209' title='bbox 344 1785 621 1839; x_wconf 82' lang='lat' dir='ltr'>superiorum</span> <span class='ocrx_word' id='word_1_210' title='bbox 649 1784 807 1839; x_wconf 86' lang='lat' dir='ltr'>petiolo</span> <span class='ocrx_word' id='word_1_211' title='bbox 835 1785 1009 1827; x_wconf 81' lang='lat' dir='ltr'>dilatato</span> <span class='ocrx_word' id='word_1_212' title='bbox 1034 1784 1266 1837; x_wconf 63' lang='lat' dir='ltr'>vaginam,</span> <span class='ocrx_word' id='word_1_213' title='bbox 1282 1785 1403 1826; x_wconf 87' lang='lat' dir='ltr'>caule</span> <span class='ocrx_word' id='word_1_214' title='bbox 1421 1785 1541 1839; x_wconf 86' lang='lat' dir='ltr'>apice</span> <span class='ocrx_word' id='word_1_215' title='bbox 1559 1783 1828 1837; x_wconf 65' lang='lat' dir='ltr'>corymbum,</span> 
     </span>
     <span class='ocr_line' id='line_1_27' title="bbox 125 1841 1831 1898; baseline -0.002 -11"><span class='ocrx_word' id='word_1_216' title='bbox 125 1844 447 1887; x_wconf 75' lang='lat' dir='ltr'>infloresccntia</span> <span class='ocrx_word' id='word_1_217' title='bbox 469 1847 642 1897; x_wconf 78' lang='lat' dir='ltr'>cyanea,</span> <span class='ocrx_word' id='word_1_218' title='bbox 664 1842 875 1886; x_wconf 87' lang='lat' dir='ltr'>involucri</span> <span class='ocrx_word' id='word_1_219' title='bbox 895 1844 1056 1898; x_wconf 80' lang='lat' dir='ltr'>phyllis</span> <span class='ocrx_word' id='word_1_220' title='bbox 1072 1845 1146 1886; x_wconf 87' lang='grc'>6-8</span> <span class='ocrx_word' id='word_1_221' title='bbox 1165 1843 1589 1886; x_wconf 82' lang='lat' dir='ltr'>lineari-lanceolatis</span> <span class='ocrx_word' id='word_1_222' title='bbox 1615 1841 1706 1884; x_wconf 84' lang='lat' dir='ltr'>basi</span> <span class='ocrx_word' id='word_1_223' title='bbox 1726 1841 1831 1883; x_wconf 87' lang='lat' dir='ltr'>sub-</span> 
     </span>
     <span class='ocr_line' id='line_1_28' title="bbox 126 1901 1831 1957; baseline -0.002 -12"><span class='ocrx_word' id='word_1_224' title='bbox 126 1904 366 1956; x_wconf 81' lang='lat' dir='ltr'>augustatis</span> <span class='ocrx_word' id='word_1_225' title='bbox 395 1903 718 1957; x_wconf 82' lang='lat' dir='ltr'>spinulosisque</span> <span class='ocrx_word' id='word_1_226' title='bbox 755 1903 941 1957; x_wconf 85' lang='lat' dir='ltr'>capitulo</span> <span class='ocrx_word' id='word_1_227' title='bbox 983 1903 1148 1953; x_wconf 70' lang='lat'>2-3-010</span> <span class='ocrx_word' id='word_1_228' title='bbox 1182 1902 1466 1955; x_wconf 81' lang='lat' dir='ltr'>longioribus,</span> <span class='ocrx_word' id='word_1_229' title='bbox 1501 1901 1633 1956; x_wconf 87' lang='lat' dir='ltr'>paleis</span> <span class='ocrx_word' id='word_1_230' title='bbox 1661 1901 1831 1943; x_wconf 81' lang='lat' dir='ltr'>lanceo-</span> 
     </span>
     <span class='ocr_line' id='line_1_29' title="bbox 123 1961 1830 2016; baseline -0.002 -11"><span class='ocrx_word' id='word_1_231' title='bbox 123 1963 221 2005; x_wconf 80' lang='lat' dir='ltr'>latis</span> <span class='ocrx_word' id='word_1_232' title='bbox 265 1963 407 2016; x_wconf 79' lang='lat' dir='ltr'>calyce</span> <span class='ocrx_word' id='word_1_233' title='bbox 450 1962 803 2015; x_wconf 77' lang='lat' dir='ltr'>sublongioribus</span> <span class='ocrx_word' id='word_1_234' title='bbox 850 1962 1142 2005; x_wconf 86' lang='lat' dir='ltr'>exterioribus</span> <span class='ocrx_word' id='word_1_235' title='bbox 1190 1962 1396 2016; x_wconf 85' lang='lat' dir='ltr'>utrinque</span> <span class='ocrx_word' id='word_1_236' title='bbox 1455 1961 1628 2016; x_wconf 73' lang='lat' dir='ltr'>spinula</span> <span class='ocrx_word' id='word_1_237' title='bbox 1675 1961 1830 2011; x_wconf 65' lang='lat' dir='ltr'>auctis.</span> 
     </span>
     <span class='ocr_line' id='line_1_30' title="bbox 126 2019 1826 2075; baseline -0.002 -12"><span class='ocrx_word' id='word_1_238' title='bbox 126 2022 281 2075; x_wconf 75' lang='lat' dir='ltr'>calycis</span> <span class='ocrx_word' id='word_1_239' title='bbox 325 2021 488 2063; x_wconf 86' lang='lat' dir='ltr'>laciniis</span> <span class='ocrx_word' id='word_1_240' title='bbox 522 2021 864 2074; x_wconf 86' lang='lat' dir='ltr'>ovato-oblongis</span> <span class='ocrx_word' id='word_1_241' title='bbox 905 2021 1171 2064; x_wconf 87' lang='lat' dir='ltr'>mucronatis</span> <span class='ocrx_word' id='word_1_242' title='bbox 1213 2025 1268 2066; x_wconf 69' lang='lat'>26.</span> <span class='ocrx_word' id='word_1_243' title='bbox 1305 2021 1361 2063; x_wconf 88' lang='lat' dir='ltr'>Ic.</span> <span class='ocrx_word' id='word_1_244' title='bbox 1388 2019 1460 2062; x_wconf 92' lang='lat' dir='ltr'>W.</span> <span class='ocrx_word' id='word_1_245' title='bbox 1492 2021 1542 2062; x_wconf 89' lang='lat' dir='ltr'>K.</span> <span class='ocrx_word' id='word_1_246' title='bbox 1570 2019 1710 2073; x_wconf 88' lang='lat' dir='ltr'>Hung.</span> <span class='ocrx_word' id='word_1_247' title='bbox 1741 2019 1826 2060; x_wconf 83' lang='lat' dir='ltr'>tab.</span> 
     </span>
     <span class='ocr_line' id='line_1_31' title="bbox 127 2078 1832 2134; baseline -0.001 -13"><span class='ocrx_word' id='word_1_248' title='bbox 127 2081 223 2123; x_wconf 69' lang='lat'>215.</span> <span class='ocrx_word' id='word_1_249' title='bbox 256 2103 306 2111; x_wconf 89' lang='lat'>-</span> <span class='ocrx_word' id='word_1_250' title='bbox 335 2080 468 2123; x_wconf 89' lang='lat' dir='ltr'>Rchb.</span> <span class='ocrx_word' id='word_1_251' title='bbox 496 2081 550 2122; x_wconf 88' lang='lat' dir='ltr'>Ic.</span> <span class='ocrx_word' id='word_1_252' title='bbox 579 2080 663 2122; x_wconf 88' lang='lat' dir='ltr'>tab.</span> <span class='ocrx_word' id='word_1_253' title='bbox 696 2081 820 2122; x_wconf 73' lang='lat'><strong>1851.</strong></span> <span class='ocrx_word' id='word_1_254' title='bbox 853 2105 906 2111; x_wconf 93' lang='lat'>—-</span> <span class='ocrx_word' id='word_1_255' title='bbox 932 2081 981 2123; x_wconf 88' lang='lat' dir='ltr'>E.</span> <span class='ocrx_word' id='word_1_256' title='bbox 1020 2079 1252 2122; x_wconf 71' lang='lat' dir='ltr'>dilatatum</span> <span class='ocrx_word' id='word_1_257' title='bbox 1288 2079 1415 2122; x_wconf 79' lang='lat' dir='ltr'>Guss.</span> <span class='ocrx_word' id='word_1_258' title='bbox 1455 2079 1560 2134; x_wconf 87' lang='lat' dir='ltr'>Syn.</span> <span class='ocrx_word' id='word_1_259' title='bbox 1605 2078 1638 2124; x_wconf 84' lang='grc' dir='ltr'>Ι,</span> <span class='ocrx_word' id='word_1_260' title='bbox 1674 2090 1714 2132; x_wconf 91' lang='lat' dir='ltr'>p.</span> <span class='ocrx_word' id='word_1_261' title='bbox 1745 2078 1832 2119; x_wconf 70' lang='lat'>3002</span> 
     </span>
     <span class='ocr_line' id='line_1_32' title="bbox 127 2139 355 2182; baseline -0.004 -1"><span class='ocrx_word' id='word_1_262' title='bbox 127 2152 212 2182; x_wconf 91' lang='lat' dir='ltr'>non</span> <span class='ocrx_word' id='word_1_263' title='bbox 239 2139 355 2181; x_wconf 87' lang='lat' dir='ltr'>Lam.</span> 
     </span>
    </p>
   </div>
   <div class='ocr_carea' id='block_1_8' title="bbox 122 2213 1833 2548">
    <p class='ocr_par' dir='ltr' id='par_1_8' title="bbox 122 2213 1831 2356">
     <span class='ocr_line' id='line_1_33' title="bbox 174 2213 1830 2259; baseline -0.002 -10"><span class='ocrx_word' id='word_1_264' title='bbox 174 2214 272 2249; x_wconf 81' lang='lat' dir='ltr'>Hah.</span> <span class='ocrx_word' id='word_1_265' title='bbox 296 2215 335 2249; x_wconf 90' lang='lat' dir='ltr'>in</span> <span class='ocrx_word' id='word_1_266' title='bbox 354 2214 527 2250; x_wconf 78' lang='lat' dir='ltr'>Albania</span> <span class='ocrx_word' id='word_1_267' title='bbox 544 2213 691 2250; x_wconf 84' lang='lat' dir='ltr'>boreali</span> <span class='ocrx_word' id='word_1_268' title='bbox 709 2214 907 2259; x_wconf 85' lang='lat' dir='ltr'>(Griseb.).</span> <span class='ocrx_word' id='word_1_269' title='bbox 927 2214 1119 2250; x_wconf 64' lang='lat' dir='ltr'>Praeterea</span> <span class='ocrx_word' id='word_1_270' title='bbox 1137 2226 1161 2250; x_wconf 88' lang='lat' dir='ltr'>a</span> <span class='ocrx_word' id='word_1_271' title='bbox 1179 2214 1424 2251; x_wconf 86' lang='lat' dir='ltr'>Forskahleo</span> <span class='ocrx_word' id='word_1_272' title='bbox 1451 2214 1500 2249; x_wconf 85' lang='lat' dir='ltr'>ad</span> <span class='ocrx_word' id='word_1_273' title='bbox 1528 2213 1830 2259; x_wconf 85' lang='lat' dir='ltr'>Hellespontum</span> 
     </span>
     <span class='ocr_line' id='line_1_34' title="bbox 124 2259 1831 2308; baseline -0.002 -12"><span class='ocrx_word' id='word_1_274' title='bbox 124 2261 327 2296; x_wconf 78' lang='lat' dir='ltr'>indicatur.</span> <span class='ocrx_word' id='word_1_275' title='bbox 350 2283 394 2286; x_wconf 97' lang='lat'><strong>—</strong></span> <span class='ocrx_word' id='word_1_276' title='bbox 416 2261 460 2296; x_wconf 85' lang='lat' dir='ltr'>E.</span> <span class='ocrx_word' id='word_1_277' title='bbox 485 2261 791 2308; x_wconf 69' lang='lat' dir='ltr'>ametlzystz‘num</span> <span class='ocrx_word' id='word_1_278' title='bbox 816 2261 955 2297; x_wconf 88' lang='lat' dir='ltr'>Ledeb.</span> <span class='ocrx_word' id='word_1_279' title='bbox 979 2261 1033 2297; x_wconf 90' lang='lat' dir='ltr'>Fl.</span> <span class='ocrx_word' id='word_1_280' title='bbox 1065 2262 1174 2298; x_wconf 85' lang='lat' dir='ltr'>Ross.</span> <span class='ocrx_word' id='word_1_281' title='bbox 1201 2261 1245 2306; x_wconf 87' lang='grc' dir='ltr'>ΙΙ,</span> <span class='ocrx_word' id='word_1_282' title='bbox 1281 2262 1351 2298; x_wconf 72' lang='lat'>238</span> <span class='ocrx_word' id='word_1_283' title='bbox 1381 2272 1423 2296; x_wconf 88' lang='lat' dir='ltr'>ex</span> <span class='ocrx_word' id='word_1_284' title='bbox 1456 2261 1540 2306; x_wconf 89' lang='lat' dir='ltr'>ejus</span> <span class='ocrx_word' id='word_1_285' title='bbox 1564 2259 1747 2296; x_wconf 88' lang='lat' dir='ltr'>herbario</span> <span class='ocrx_word' id='word_1_286' title='bbox 1770 2260 1831 2294; x_wconf 87' lang='lat' dir='ltr'>est</span> 
     </span>
     <span class='ocr_line' id='line_1_35' title="bbox 122 2301 1503 2356; baseline 0 -13"><span class='ocrx_word' id='word_1_287' title='bbox 122 2307 257 2355; x_wconf 84' lang='lat' dir='ltr'>planta</span> <span class='ocrx_word' id='word_1_288' title='bbox 272 2308 468 2345; x_wconf 82' lang='lat' dir='ltr'>hortensis</span> <span class='ocrx_word' id='word_1_289' title='bbox 488 2309 595 2355; x_wconf 89' lang='lat' dir='ltr'>prob.</span> <span class='ocrx_word' id='word_1_290' title='bbox 616 2301 785 2354; x_wconf 85' lang='lat' dir='ltr'>hybrida</span> <span class='ocrx_word' id='word_1_291' title='bbox 803 2311 840 2344; x_wconf 82' lang='lat' dir='ltr'>et</span> <span class='ocrx_word' id='word_1_292' title='bbox 857 2309 1139 2354; x_wconf 73' lang='lat' dir='ltr'>diversissima,</span> <span class='ocrx_word' id='word_1_293' title='bbox 1164 2309 1291 2345; x_wconf 87' lang='lat' dir='ltr'>forma</span> <span class='ocrx_word' id='word_1_294' title='bbox 1310 2308 1355 2344; x_wconf 87' lang='lat' dir='ltr'>E.</span> <span class='ocrx_word' id='word_1_295' title='bbox 1378 2308 1503 2356; x_wconf 77' lang='lat' dir='ltr'>plani.</span> 
     </span>
    </p>

    <p class='ocr_par' dir='ltr' id='par_1_9' title="bbox 123 2372 1833 2548">
     <span class='ocr_line' id='line_1_36' title="bbox 184 2372 1833 2430; baseline -0.003 -12"><span class='ocrx_word' id='word_1_296' title='bbox 184 2376 228 2430; x_wconf 81' lang='grc' dir='ltr'>β.</span> <span class='ocrx_word' id='word_1_297' title='bbox 264 2376 558 2429; x_wconf 61' lang='grc' dir='ltr'>ίθηῑιζΐοίῑωη.</span> <span class='ocrx_word' id='word_1_298' title='bbox 589 2401 642 2405; x_wconf 92' lang='grc'><strong>-</strong></span> <span class='ocrx_word' id='word_1_299' title='bbox 669 2376 808 2419; x_wconf 82' lang='lat' dir='ltr'>Boiss.</span> <span class='ocrx_word' id='word_1_300' title='bbox 836 2378 877 2418; x_wconf 90' lang='lat' dir='ltr'>et</span> <span class='ocrx_word' id='word_1_301' title='bbox 899 2376 1048 2418; x_wconf 89' lang='lat' dir='ltr'>Heldr.</span> <span class='ocrx_word' id='word_1_302' title='bbox 1077 2378 1128 2430; x_wconf 88' lang='lat' dir='ltr'>pl.</span> <span class='ocrx_word' id='word_1_303' title='bbox 1155 2388 1317 2418; x_wconf 86' lang='lat' dir='ltr'>exs.-</span> <span class='ocrx_word' id='word_1_304' title='bbox 1334 2375 1551 2417; x_wconf 87' lang='lat' dir='ltr'>Foliorum</span> <span class='ocrx_word' id='word_1_305' title='bbox 1582 2372 1745 2415; x_wconf 87' lang='lat' dir='ltr'>laciniae</span> <span class='ocrx_word' id='word_1_306' title='bbox 1769 2375 1833 2414; x_wconf 86' lang='lat' dir='ltr'>te-</span> 
     </span>
     <span class='ocr_line' id='line_1_37' title="bbox 124 2431 1826 2489; baseline -0.004 -11"><span class='ocrx_word' id='word_1_307' title='bbox 124 2436 318 2488; x_wconf 80' lang='lat' dir='ltr'>nuiores,</span> <span class='ocrx_word' id='word_1_308' title='bbox 357 2435 570 2477; x_wconf 83' lang='lat' dir='ltr'>involucri</span> <span class='ocrx_word' id='word_1_309' title='bbox 613 2435 756 2488; x_wconf 83' lang='lat' dir='ltr'>phylla</span> <span class='ocrx_word' id='word_1_310' title='bbox 791 2435 1012 2477; x_wconf 88' lang='lat' dir='ltr'>interdum</span> <span class='ocrx_word' id='word_1_311' title='bbox 1052 2436 1190 2489; x_wconf 87' lang='lat' dir='ltr'>spinis</span> <span class='ocrx_word' id='word_1_312' title='bbox 1229 2433 1482 2478; x_wconf 84' lang='lat' dir='ltr'>lateralibus</span> <span class='ocrx_word' id='word_1_313' title='bbox 1516 2432 1653 2486; x_wconf 85' lang='lat' dir='ltr'>longis</span> <span class='ocrx_word' id='word_1_314' title='bbox 1692 2433 1716 2473; x_wconf 71' lang='lat'><strong>2</strong></span> <span class='ocrx_word' id='word_1_315' title='bbox 1758 2431 1826 2473; x_wconf 87' lang='lat' dir='ltr'>vel</span> 
     </span>
     <span class='ocr_line' id='line_1_38' title="bbox 123 2492 1246 2548; baseline -0.001 -11"><span class='ocrx_word' id='word_1_316' title='bbox 123 2496 152 2537; x_wconf 76' lang='lat'>4</span> <span class='ocrx_word' id='word_1_317' title='bbox 176 2497 311 2537; x_wconf 80' lang='lat' dir='ltr'>aucta.</span> <span class='ocrx_word' id='word_1_318' title='bbox 340 2519 392 2524; x_wconf 86' lang='lat'>—</span> <span class='ocrx_word' id='word_1_319' title='bbox 421 2494 470 2536; x_wconf 87' lang='lat' dir='ltr'>E.</span> <span class='ocrx_word' id='word_1_320' title='bbox 494 2492 763 2548; x_wconf 59' lang='lat' dir='ltr'>multifidum</span> <span class='ocrx_word' id='word_1_321' title='bbox 786 2494 846 2536; x_wconf 90' lang='lat' dir='ltr'>Fl.</span> <span class='ocrx_word' id='word_1_322' title='bbox 872 2492 1007 2535; x_wconf 83' lang='lat' dir='ltr'>Graec.</span> <span class='ocrx_word' id='word_1_323' title='bbox 1036 2494 1119 2536; x_wconf 83' lang='lat' dir='ltr'>tab.</span> <span class='ocrx_word' id='word_1_324' title='bbox 1151 2495 1246 2536; x_wconf 69' lang='lat'><strong>259.</strong></span> 
     </span>
    </p>
   </div>
   <div class='ocr_carea' id='block_1_9' title="bbox 123 2564 1831 2661">
    <p class='ocr_par' dir='ltr' id='par_1_10' title="bbox 123 2564 1831 2661">
     <span class='ocr_line' id='line_1_39' title="bbox 175 2564 1831 2614; baseline -0.002 -12"><span class='ocrx_word' id='word_1_325' title='bbox 175 2568 270 2602; x_wconf 86' lang='lat' dir='ltr'>Hah.</span> <span class='ocrx_word' id='word_1_326' title='bbox 304 2569 344 2603; x_wconf 91' lang='lat' dir='ltr'>in</span> <span class='ocrx_word' id='word_1_327' title='bbox 376 2568 532 2613; x_wconf 83' lang='lat' dir='ltr'>regione</span> <span class='ocrx_word' id='word_1_328' title='bbox 560 2567 689 2602; x_wconf 76' lang='lat' dir='ltr'>media</span> <span class='ocrx_word' id='word_1_329' title='bbox 718 2570 755 2602; x_wconf 87' lang='lat' dir='ltr'>et</span> <span class='ocrx_word' id='word_1_330' title='bbox 785 2566 975 2614; x_wconf 86' lang='lat' dir='ltr'>superiori</span> <span class='ocrx_word' id='word_1_331' title='bbox 1006 2566 1122 2613; x_wconf 84' lang='lat' dir='ltr'>Olym</span> <span class='ocrx_word' id='word_1_332' title='bbox 1154 2568 1166 2603; x_wconf 92' lang='lat' dir='ltr'>i</span> <span class='ocrx_word' id='word_1_333' title='bbox 1192 2567 1383 2612; x_wconf 84' lang='lat' dir='ltr'>Thessali,</span> <span class='ocrx_word' id='word_1_334' title='bbox 1403 2566 1589 2602; x_wconf 81' lang='lat' dir='ltr'>Parnassi</span> <span class='ocrx_word' id='word_1_335' title='bbox 1618 2567 1655 2601; x_wconf 85' lang='lat' dir='ltr'>et</span> <span class='ocrx_word' id='word_1_336' title='bbox 1681 2564 1831 2600; x_wconf 82' lang='lat' dir='ltr'>montis</span> 
     </span>
     <span class='ocr_line' id='line_1_40' title="bbox 123 2614 1487 2661; baseline -0.001 -11"><span class='ocrx_word' id='word_1_337' title='bbox 123 2614 312 2661; x_wconf 83' lang='lat' dir='ltr'>Kyllenes</span> <span class='ocrx_word' id='word_1_338' title='bbox 331 2614 518 2660; x_wconf 77' lang='lat' dir='ltr'>(Heldrl),</span> <span class='ocrx_word' id='word_1_339' title='bbox 537 2615 575 2650; x_wconf 88' lang='lat' dir='ltr'>in</span> <span class='ocrx_word' id='word_1_340' title='bbox 595 2615 753 2660; x_wconf 83' lang='lat' dir='ltr'>regione</span> <span class='ocrx_word' id='word_1_341' title='bbox 771 2614 905 2661; x_wconf 77' lang='lat' dir='ltr'>alpina</span> <span class='ocrx_word' id='word_1_342' title='bbox 923 2615 1090 2660; x_wconf 85' lang='lat' dir='ltr'>Taygeti</span> <span class='ocrx_word' id='word_1_343' title='bbox 1107 2616 1122 2659; x_wconf 91' lang='lat'>(</span> <span class='ocrx_word' id='word_1_344' title='bbox 1164 2614 1289 2660; x_wconf 86' lang='lat' dir='ltr'>eldr!).</span> <span class='ocrx_word' id='word_1_345' title='bbox 1312 2614 1368 2650; x_wconf 91' lang='lat' dir='ltr'>Fl.</span> <span class='ocrx_word' id='word_1_346' title='bbox 1388 2615 1487 2659; x_wconf 85' lang='lat' dir='ltr'>Aug.</span> 
     </span>
    </p>
   </div>
   <div class='ocr_carea' id='block_1_10' title="bbox 175 2678 1542 2726">
    <p class='ocr_par' dir='ltr' id='par_1_11' title="bbox 175 2678 1542 2726">
     <span class='ocr_line' id='line_1_41' title="bbox 175 2678 1542 2726; baseline -0.001 -12"><span class='ocrx_word' id='word_1_347' title='bbox 175 2678 394 2726; x_wconf 84' lang='lat' dir='ltr'>Specimina</span> <span class='ocrx_word' id='word_1_348' title='bbox 414 2690 432 2715; x_wconf 94' lang='lat' dir='ltr'>e</span> <span class='ocrx_word' id='word_1_349' title='bbox 451 2679 603 2714; x_wconf 69' lang='lat' dir='ltr'>Graecia</span> <span class='ocrx_word' id='word_1_350' title='bbox 621 2678 875 2714; x_wconf 87' lang='lat' dir='ltr'>continentali</span> <span class='ocrx_word' id='word_1_351' title='bbox 896 2689 1041 2714; x_wconf 85' lang='lat' dir='ltr'>nexum</span> <span class='ocrx_word' id='word_1_352' title='bbox 1061 2689 1147 2714; x_wconf 90' lang='lat' dir='ltr'>cum</span> <span class='ocrx_word' id='word_1_353' title='bbox 1166 2680 1262 2725; x_wconf 87' lang='lat' dir='ltr'>typo</span> <span class='ocrx_word' id='word_1_354' title='bbox 1280 2678 1542 2725; x_wconf 80' lang='lat' dir='ltr'>praebuerunt.</span> 
     </span>
    </p>
   </div>
   <div class='ocr_carea' id='block_1_11' title="bbox 123 2738 1834 2824">
    <p class='ocr_par' dir='ltr' id='par_1_12' title="bbox 123 2738 1834 2824">
     <span class='ocr_line' id='line_1_42' title="bbox 172 2738 1834 2795; baseline -0.002 -18"><span class='ocrx_word' id='word_1_355' title='bbox 172 2743 233 2795; x_wconf 74' lang='lat' dir='ltr'>Ar.</span> <span class='ocrx_word' id='word_1_356' title='bbox 271 2743 401 2788; x_wconf 77' lang='lat' dir='ltr'>Geoqr.</span> <span class='ocrx_word' id='word_1_357' title='bbox 438 2742 650 2778; x_wconf 82' lang='lat' dir='ltr'>Germania</span> <span class='ocrx_word' id='word_1_358' title='bbox 677 2742 873 2787; x_wconf 82' lang='lat' dir='ltr'>australis,</span> <span class='ocrx_word' id='word_1_359' title='bbox 902 2741 1026 2785; x_wconf 82' lang='lat' dir='ltr'>Italia,</span> <span class='ocrx_word' id='word_1_360' title='bbox 1054 2741 1194 2787; x_wconf 82' lang='lat' dir='ltr'>Sicilia,</span> <span class='ocrx_word' id='word_1_361' title='bbox 1223 2740 1430 2786; x_wconf 83' lang='lat' dir='ltr'>Dalmatia,</span> <span class='ocrx_word' id='word_1_362' title='bbox 1456 2740 1623 2785; x_wconf 83' lang='lat' dir='ltr'>Croatia,</span> <span class='ocrx_word' id='word_1_363' title='bbox 1640 2738 1834 2785; x_wconf 83' lang='lat' dir='ltr'>Transyl—</span> 
     </span>
     <span class='ocr_line' id='line_1_43' title="bbox 123 2799 251 2824; baseline 0 0"><span class='ocrx_word' id='word_1_364' title='bbox 123 2799 251 2824; x_wconf 82' lang='lat' dir='ltr'>vania.</span> 
     </span>
    </p>
   </div>
   <div class='ocr_carea' id='block_1_12' title="bbox 127 2915 1832 3032">
    <p class='ocr_par' dir='ltr' id='par_1_13' title="bbox 127 2915 1832 3032">
     <span class='ocr_line' id='line_1_44' title="bbox 193 2915 1832 2974; baseline -0.002 -13"><span class='ocrx_word' id='word_1_365' title='bbox 193 2921 254 2962; x_wconf 82' lang='lat'>16.</span> <span class='ocrx_word' id='word_1_366' title='bbox 289 2921 344 2963; x_wconf 86' lang='lat' dir='ltr'>E.</span> <span class='ocrx_word' id='word_1_367' title='bbox 369 2918 774 2963; x_wconf 87' lang='lat' dir='ltr'>dichotomum</span> <span class='ocrx_word' id='word_1_368' title='bbox 806 2919 946 2974; x_wconf 80' lang='lat' dir='ltr'>(Desf.</span> <span class='ocrx_word' id='word_1_369' title='bbox 976 2920 1058 2961; x_wconf 85' lang='lat' dir='ltr'>Alt.</span> <span class='ocrx_word' id='word_1_370' title='bbox 1085 2919 1118 2970; x_wconf 76' lang='grc' dir='ltr'>Ι,</span> <span class='ocrx_word' id='word_1_371' title='bbox 1143 2932 1182 2972; x_wconf 93' lang='lat' dir='ltr'>p.</span> <span class='ocrx_word' id='word_1_372' title='bbox 1214 2919 1311 2971; x_wconf 68' lang='lat'>226,</span> <span class='ocrx_word' id='word_1_373' title='bbox 1339 2918 1426 2960; x_wconf 83' lang='lat' dir='ltr'>tab.</span> <span class='ocrx_word' id='word_1_374' title='bbox 1460 2917 1535 2972; x_wconf 79' lang='lat'>55)</span> <span class='ocrx_word' id='word_1_375' title='bbox 1563 2917 1676 2959; x_wconf 85' lang='lat' dir='ltr'>foliis</span> <span class='ocrx_word' id='word_1_376' title='bbox 1715 2915 1832 2957; x_wconf 80' lang='lat' dir='ltr'>radi-</span> 
     </span>
     <span class='ocr_line' id='line_1_45' title="bbox 127 2976 1829 3032; baseline -0.002 -13"><span class='ocrx_word' id='word_1_377' title='bbox 127 2979 291 3022; x_wconf 86' lang='lat' dir='ltr'>calibus</span> <span class='ocrx_word' id='word_1_378' title='bbox 319 2983 361 3022; x_wconf 90' lang='lat' dir='ltr'>et</span> <span class='ocrx_word' id='word_1_379' title='bbox 386 2979 667 3021; x_wconf 84' lang='lat' dir='ltr'>inferioribus</span> <span class='ocrx_word' id='word_1_380' title='bbox 692 2979 1030 3021; x_wconf 83' lang='lat' dir='ltr'>membranaceis</span> <span class='ocrx_word' id='word_1_381' title='bbox 1065 2978 1281 3032; x_wconf 86' lang='lat' dir='ltr'>petiolatis</span> <span class='ocrx_word' id='word_1_382' title='bbox 1320 2976 1707 3029; x_wconf 85' lang='lat' dir='ltr'>cordato-oblongis</span> <span class='ocrx_word' id='word_1_383' title='bbox 1735 2986 1829 3016; x_wconf 86' lang='lat' dir='ltr'>cre-</span> 
     </span>
    </p>
   </div>
  </div>
 </body>
</html>
