2019 3257
88 189 309 227 Rhamnus.
826 197 1046 224 RHAMNEAE.
1741 187 1788 223 17

135 269 250 323 Folia
278 269 334 305 eis
363 268 410 305 R.
444 268 602 322 oleoz'dz’s
630 268 862 323 plerumque
887 267 1039 322 latiora·
1059 267 1320 321 brevioraque
1349 266 1476 302 crenis
1497 265 1561 320 vel
1579 266 1789 320 denticulis

89 317 431 400 pelastlitaavgggnrggssa
448 319 485 352 et
504 326 667 352 Semlnls
684 319 785 352 rima
809 315 933 351 bifida
950 315 1213 361 distinguitur.
1231 314 1342 350 Folia
1370 313 1460 360 plus
1490 323 1620 349 minus
1648 321 1789 361 persm-

149 504 188 545 9.
215 503 276 545 R.
299 502 539 553 Persica
554 500 713 557 (Boiss.
740 500 890 553 Diagn.
914 500 1006 543 Ser.
1036 499 1068 552 I,
1091 501 1130 552 2,
1148 511 1188 553 p.
1207 500 1251 552 4)
1275 499 1407 541 ramis
1429 498 1788 542 ramulosissimis

87 562 268 605 ramulis
291 561 499 603 brevibus
526 560 722 602 breviter
743 559 950 602 velutinis
977 559 1097 613 apice
1135 558 1499 612 spinescentibus,
1525 557 1638 600 foliis
1665 558 1789 600 fasci-

88 621 241 663 culatis
267 620 447 663 minutis
473 618 967 674 pruinoso-tomentellis
992 617 1285 671 integerrimis
1319 617 1514 659 obovatis
1540 617 1611 659 vel
1638 618 1789 661 oblon-

85 679 418 733 go-spathulatis
460 678 554 721 basi
601 678 834 720 attenuatis
875 677 1043 720 obtusis
1085 677 1155 719 vel
1192 675 1376 729 retusis,
1414 677 1597 719 floribus
1638 677 1788 730 paucis

87 737 346 781 fasciculatis
369 736 622 779 axillaribus
649 736 870 791 pedicellis
895 736 1248 790 sublongioribus
1276 735 1482 788 suffultis,
1506 736 1663 789 calycis
1689 736 1790 778 laci-

86 797 171 840 niis
208 796 564 850 triangularibus,
599 796 756 850 petalis
785 795 1015 848 subulatiS,
1053 796 1171 838 disco
1205 794 1415 847 velutino,
1444 795 1585 848 drupa
1622 795 1792 837 minuta

88 855 467 909 obovato—globosa
487 855 761 908 subdidyma,
785 854 964 897 seminis
998 854 1108 896 rima
1134 854 1270 896 hianti
1294 854 1487 906 margine
1514 854 1791 908 cartilaginea

88 915 205 969 apice
225 915 358 957 bifida
378 922 412 963 5.

134 990 235 1025 Hah.
254 990 294 1025 in
312 990 464 1026 fissuris
486 989 645 1036 rupium
661 989 803 1025 Persiae
823 988 1008 1024 australis
1027 989 1077 1024 ad
1094 988 1290 1024 Perezend
1316 988 1455 1033 (Aueh.
1487 998 1568 1023 exs.
1593 987 1726 1027 43181)
1753 990 1792 1023 et

88 1047 219 1120 pfflff]
220 1048 364 1129 531st
382 1037 601 1129 Ρθῐέἳξοὲίῗ
616 1035 706 1119 (gy.
727 1046 806 1072 exs.
823 1036 929 1082 2731)
946 1036 986 1071 in
1003 1039 1136 1071 monte
1154 1035 1269 1071 Kotel
1287 1034 1412 1072 Mallu
1430 1037 1467 1070 et
1484 1036 1598 1081 Tang
1612 1035 1678 1071 Pir
1695 1035 1791 1072 Riza

91 1096 114 1120 a
149 1113 155 1120 .
357 1095 448 1120 auss
517 1114 523 1119 .
596 1110 604 1119 .
621 1111 632 1118 i
657 1094 712 1130 pr.

134 1147 279 1183 Frutex
311 1147 374 1183 6-8
405 1147 567 1194 pedalis,
598 1147 692 1182 folia
717 1145 853 1190 adulta.
878 1145 942 1182 4-5
962 1146 1028 1182 lin.
1060 1147 1217 1182 tantum
1234 1145 1353 1192 longa
1381 1145 1445 1182 2-3
1475 1145 1569 1191 lata,
1600 1146 1790 1194 drupaea.

89 1195 137 1232 R.
162 1194 319 1231 oleoz'dz's
337 1195 500 1230 dimidio
519 1194 655 1230 minor.

153 1341 216 1382 10.
245 1340 307 1383 Β.
338 1340 585 1384 Pallasii
603 1340 668 1395 (F.
688 1343 731 1382 et
747 1339 800 1382 M.
827 1339 919 1382 Ind.
947 1340 1121 1394 Petrop.
1139 1340 1210 1393 IV,
1243 1354 1282 1395 p.
1308 1339 1386 1395 46)
1416 1340 1549 1382 ramis
1576 1340 1790 1394 elongatis

89 1400 236 1455 patule
262 1400 499 1442 ramulosis
525 1399 706 1442 ramulis
733 1399 885 1453 rigidis
907 1400 1286 1454 spinescentibus‚
1313 1399 1700 1442 soliisfasciculatis
1717 1413 1792 1443 an-

89 1461 215 1513 guste
239 1458 665 1501 lineari-lanceolatis
698 1458 743 1500 in
776 1458 984 1512 petiolum
1023 1459 1203 1501 brevem
1230 1459 1356 1512 longe
1387 1459 1622 1501 attenuatis
1653 1459 1791 1502 acutis

90 1518 513 1562 serrulato-crenatis
537 1518 701 1560 minute
724 1518 930 1560 velutinis
959 1517 1058 1560 dein
1079 1518 1301 1571 glabratis,
1330 1518 1513 1560 floribus
1536 1518 1792 1561 aidilaribus

91 1576 349 1621 fasciculatis
398 1576 619 1630 pedicellis
658 1577 721 1619 eis
769 1576 1122 1631 sublongioribus
1175 1578 1393 1629 suffultiS,
1432 1577 1588 1630 calycis
1624 1577 1792 1620 laciniis

88 1636 632 1690 triangulari-lanceolatis,
660 1636 815 1690 petalis
843 1638 1024 1690 anguste
1052 1636 1313 1685 linearibus,
1343 1636 1460 1679 disco
1486 1637 1660 1689 glabro,
1689 1636 1793 1679 dru-

88 1696 144 1750 pa
167 1695 367 1748 obovata‚
413 1695 590 1740 seminis
632 1696 743 1738 rima
782 1697 871 1738 tota
908 1695 1177 1749 longitudine
1203 1696 1350 1738 hiante
1373 1696 1493 1750 apice
1517 1695 1649 1738 bifida
1674 1707 1791 1737 mar-

88 1754 186 1808 gine
215 1753 537 1807 cartilaginea-5
564 1754 614 1797 R.
639 1753 846 1808 lycioides
874 1754 979 1797 Pall.
1006 1754 1067 1796 Fl.
1096 1754 1222 1798 Ross.
1250 1755 1308 1806 H,
1336 1768 1376 1809 p.
1413 1756 1482 1805 026,
1515 1754 1599 1797 tab.
1625 1755 1680 1797 63
1703 1767 1791 1797 non

89 1812 210 1856 L.—
227 1814 277 1856 R.
304 1812 622 1867 erythroxylon
646 1813 751 1855 M.B.
780 1813 908 1856 Taur.
935 1812 1059 1856 Cauc.
1087 1813 1118 1866 I,
1150 1827 1186 1868 p.
1219 1815 1314 1864 168,
1342 1827 1428 1857 non
1449 1814 1553 1857 Pall.

136 1888 236 1924 Hah.
255 1889 296 1924 in
322 1887 568 1935 rupestribus
591 1888 786 1924 Armeniae
814 1887 986 1923 Tureicae
1012 1887 1063 1923 ad
1089 1887 1260 1924 Baibout
1285 1888 1472 1934 (Bourg!)
1497 1888 1548 1923 acl
1563 1888 1790 1924 Gumusch-

90 1935 220 1972 khane
250 1935 393 1981 (Tchih
406 1937 430 1979 1)
463 1934 694 1971 Somchetiae
712 1937 749 1971 et
785 1935 980 1971 Anneniae
998 1935 1171 1971 Rossicae
1204 1936 1260 1981 (C.
1286 1936 1408 1979 Koch,
1433 1936 1619 1981 Buhse!)‚
1643 1936 1787 1971 lheriae

90 1983 309 2019 Caucasicae
336 1983 515 2026 (Hohenl
547 1983 705 2031 Ruprl),
732 1977 877 2019 Persiae
903 1983 986 2018 bor.
1018 1983 1060 2018 in
1086 1993 1195 2030 prov.
1223 1983 1627 2030 Aderbidjan(Auch.
1647 1982 1786 2026 43191)

92 2032 129 2066 et
147 2030 295 2066 Ghilan
320 2030 471 2075 (Buhse
485 2031 514 2075 2)

136 2094 184 2131 R.
208 2093 505 2141 Erythroaeylon
530 2094 629 2130 Pall.
659 2105 679 2130 e
716 2094 860 2130 Sibiria
895 2093 1025 2130 differt
1054 2094 1159 2129 foliis
1216 2093 1339 2129 labris
1357 2123 1365 2137 ,
1393 2094 1625 2141 endocarpio
1652 2094 1795 2130 semini

90 2134 313 2225 ἷᾷὲῑῧῑθῐὶῐθ
343 2151 414 2178 nec
438 2142 582 2187 libero,
609 2141 772 2179 seminis
793 2142 1002 2178 furfuracei
1035 2152 1105 2177 nec
1136 2141 1201 2187 gla
1232 2141 1263 2177 ri
1289 2141 1390 2178 rima
1413 2142 1693 2187 immarginata
1715 2152 1795 2177 non

120 2200 130 2224 1
215 2217 222 2224 .

155 2326 219 2368 11.
249 2326 311 2369 R.
342 2324 789 2381 spathulaefolia
830 2324 894 2380 (F.
923 2327 966 2366 et
992 2324 1044 2365 M.
1085 2323 1176 2366 Ind.
1198 2324 1371 2377 Petrop.
1399 2323 1471 2376 IV,
1494 2336 1534 2377 p.
1563 2323 1640 2378 46)
1661 2323 1794 2366 ramis

91 2385 326 2438 tortuosis,
369 2385 550 2428 ramulis
583 2383 897 2438 nigricantibus
925 2383 1188 2425 abbreviatis
1222 2383 1396 2425 tandem
1430 2382 1795 2436 spinescentibus,

91 2445 203 2487 foliis
229 2444 489 2487 fasciculatis
507 2443 959 2497 oblongo-lanceolatis
977 2442 1290 2485 obtusiusculis
1314 2442 1358 2484 in
1385 2442 1593 2496 petiolum
1614 2441 1796 2484 brevem

92 2503 322 2546 attenuatis
365 2503 520 2545 crebre
549 2503 785 2545 crenulatis
813 2502 1174 2555 pubescentibus,
1208 2501 1391 2543 floribus
1418 2501 1676 2542 fasciculatis
1720 2512 1798 2555 pe-

93 2561 256 2605 dicellis
275 2562 337 2604 eis
363 2562 717 2616 sublongioribus
738 2561 946 2612 suffultis,
970 2561 1125 2614 calycis
1153 2561 1318 2603 laciniis
1346 2559 1796 2613 triangulari-lanceo-

93 2621 205 2675 latis,
229 2621 383 2675 petalis
407 2623 589 2675 anguste
610 2620 870 2669 linearibus,
898 2620 1015 2662 disco
1039 2620 1200 2673 glabro,
1230 2620 1369 2673 drupa
1397 2619 1593 2670 obovata,
1617 2618 1797 2661 seminis

93 2680 203 2722 rima
224 2679 317 2722 basi
344 2682 496 2734 aperta
521 2680 639 2734 apice
666 2679 797 2721 bifida
819 2680 1012 2732 margine
1034 2679 1309 2732 cartilaginea
1339 2684 1373 2727 5.

140 2753 242 2788 Hab.
260 2753 301 2788 in
316 2753 469 2789 saxosis
487 2753 667 2799 Georgiw
687 2752 905 2788 Caucasicae
925 2751 1116 2797 (Hohenl)
1133 2752 1276 2788 Persiae
1295 2752 1378 2787 bor.
1401 2752 1440 2786 in
1461 2750 1662 2787 montanis
1713 2761 1797 2786 rov.

95 2800 310 2836 Astarabad
328 2811 448 2848 prope
467 2799 593 2836 Siaret
611 2799 756 2846 (Egel),
777 2799 828 2835 ad
852 2799 962 2835 littus
981 2798 1169 2835 orientale
1187 2799 1306 2834 maris
1326 2799 1461 2845 Caspii
1482 2810 1528 2834 ex
1548 2798 1588 2833 F.
1605 2801 1643 2833 et
1659 2761 1710 2833 bl).

142 2864 202 2900 Ex
218 2864 264 2900 cl.
297 2864 572 2900 Maximowicz
592 2863 665 2899 Rh.
692 2864 814 2899 Asiat.
838 2874 872 2909 p.
900 2863 924 2898 8
946 2864 1118 2898 varietus
1144 2862 1216 2899 Rlz.
1237 2861 1493 2898 Pallasiz'sed
1519 2862 1796 2897 indumentum

96 2911 412 2995 (tlugffiauffiziffsna
429 2911 580 2958 2-3-p10
599 2911 738 2947 latiora
756 2913 791 2946 et
812 2911 1007 2946 seminum
1027 2912 1135 2956 (quar
1155 2920 1233 2945 non
1252 2910 1353 2954 vidi)
1365 2910 1463 2944 rima
1475 2919 1554 2944 non
1571 2911 1653 2944 lota
1670 2908 1799 2954 longi-

1561 3029 1584 3063 2
