1980 3246
76 261 79 262 .
130 230 178 266 34
838 240 1117 272 LEGUMINOSAE.
1508 230 1822 277 Aryyrolobz'ccm.

181 308 295 343 Rami
314 308 354 342 in
373 307 581 354 specimine
600 306 664 342 2-3
680 306 897 352 pollicares.
914 306 1049 342 foliola
1065 307 1171 350 {¹s'2-‘2
1187 306 1311 342 lineas
1326 306 1444 353 longa
1458 306 1626 353 lataque,
1640 307 1822 353 legumen

131 355 156 389 8
176 355 301 390 lineas
319 354 481 399 longum
503 357 539 389 et
556 354 700 389 lineam
718 356 868 388 tantum
885 353 1021 389 latum.
1055 353 1113 388 Ex
1131 354 1179 388 cl.
1208 354 1240 389 J.
1259 357 1297 389 et
1321 353 1456 400 Spach.
1475 364 1563 389 cum
1586 354 1624 390 A
1643 354 1824 400 trzyonel-

131 401 232 437 loide
249 401 514 436 combinatum
532 411 555 435 a
573 411 650 447 quo
667 402 806 446 praeter
823 401 961 436 florum
983 401 1187 435 minutiem
1212 401 1410 446 legumIne
1437 400 1660 447 aequilongo
1679 401 1747 436 sed
1766 401 1823 436 di-

131 448 253 482 midio
280 448 497 492 angustiori
523 452 620 482 certe
651 447 799 489 differt3
824 447 1021 493 legumine
1046 451 1209 492 anguste
1236 447 1373 483 lineari
1404 448 1453 483 A.
1487 447 1676 496 Kotsclcyi
1708 449 1822 484 affine

131 494 261 530 differt
281 495 511 541 pedunculis
530 495 773 529 brevissimis
789 496 827 529 et
842 494 1040 540 legumine
1060 495 1300 530 abbreviato.

191 657 229 697 8.
259 655 320 697 A.
351 665 591 696 roseum
619 652 782 708 (Camb.
811 654 855 695 in
881 653 1101 707 Jacquem.
1129 653 1235 707 Voy.
1276 653 1368 696 Bot.
1411 667 1502 708 pag.
1535 655 1602 705 35,
1629 654 1713 695 tal).
1753 654 1824 702 40,

130 714 214 757 sub
243 712 409 767 Cytiso)
437 713 893 765 argenteo-sericeum,
920 712 1116 754 caulibus
1142 713 1416 755 filiformibus
1447 712 1632 764 diffusis,
1668 712 1823 755 foliolis

130 773 322 814 minutis.
351 771 533 813 obovato
566 771 638 827 *vel
675 771 1282 821 obeordato-cuneiformibus,
1323 771 1574 814 lateralibus
1620 771 1821 825 obliquis,

133 829 393 885 pedunculis
422 830 696 872 filiformibus
724 829 939 872 1-5-floris
978 830 1075 872 folio
1115 830 1403 883 longioribus
1438 830 1595 883 calycis
1622 830 1675 871 ad
1700 830 1824 872 basin

132 889 326 943 bipartiti
353 889 464 930 labio
491 889 719 942 superiore
747 889 860 931 ultra
887 888 1078 930 medium
1112 889 1316 943 bipartito
1341 889 1546 936 interiore
1572 889 1622 931 ad
1652 889 1822 931 tertiam

131 951 300 1002 partem
327 948 486 999 trifido,
514 948 671 989 corolla
708 950 846 999 rosea,
887 947 1103 1002 legumine
1143 947 1352 1002 adpresse
1385 948 1616 1001 striguloso
1643 951 1824 1000 anguste

132 1007 285 1049 lineari
310 1008 383 1048 5-ss
407 1019 581 1060 spermo
612 1010 670 1054 262

141 1080 277 1161 effa}
299 1081 351 1170 Uin
386 1080 548 1115 desertis
581 1080 631 1115 ad
665 1081 795 1116 sinum
830 1079 1026 1116 Persicum
1059 1080 1199 1126 (Auch.
1223 1091 1271 1116 ex
1296 1080 1329 1116 J.
1347 1079 1496 1127 et'Sp.l,
1525 1080 1565 1115 in
1597 1079 1822 1116 Belutschia

131 1134 169 1171 μ
195 1137 251 1172 oc,
269 1138 331 1162 s..

176 1189 297 1225 Valde
316 1191 429 1225 affine
445 1191 494 1226 A.
522 1190 709 1238 Ix'otschyet
734 1202 758 1226 a
787 1202 864 1238 quo
885 1191 1013 1227 differt
1044 1192 1206 1227 floribus
1241 1191 1361 1227 roseis
1398 1190 1561 1226 dimidio
1591 1190 1810 1226 minoribus

131 1236 310 1272 caulibus
328 1238 581 1281 tenuioribus,
600 1238 798 1284 legumine
817 1238 997 1274 breviori.

176 1301 239 1336 Ar.
263 1301 396 1346 Geoqr.
425 1302 535 1336 India
554 1301 702 1337 boreali
719 1301 969 1337 occidentalis
987 1302 1026 1336 in
1046 1301 1248 1349 provincia
1272 1300 1462 1346 Pundjab.

455 1463 819 1511 ADENOCARPUS
856 1463 972 1522 (1).st
1001 1464 1064 1511 Fl.
1098 1463 1168 1511 Fr.
1196 1461 1338 1525 Suppl.
1373 1461 1494 1519 549).

188 1603 317 1657 Calyx
341 1602 574 1644 bilabiatus
597 1602 707 1644 labio
735 1602 960 1656 superiore
986 1601 1191 1655 bipartito
1214 1601 1419 1644 inferiore
1445 1601 1604 1643 trifido.
1633 1600 1824 1642 Stamina

127 1663 268 1706 omnia
296 1663 338 1704 in
366 1661 517 1703 tubum
546 1661 741 1704 clausum
764 1661 926 1704 coalita.
962 1660 1181 1714 Legumen
1216 1661 1378 1703 lineare
1415 1659 1825 1713 glanduloso-muri-

127 1726 270 1764 catum
305 1721 488 1762 hivalve.
527 1719 696 1762 Semina
723 1720 1047 1774 estrophiolata.
1077 1720 1273 1762 Frutices
1309 1720 1419 1762 soliis
1456 1719 1665 1772 digitatim
1706 1719 1824 1760 trifo-

126 1780 298 1833 limatis,
320 1779 502 1822 floribus
528 1779 651 1821 ssavis
674 1780 717 1821 in
743 1791 934 1822 racemos
965 1780 1211 1821 terminales
1237 1778 1473 1833 dispositis.

192 1948 225 1989 1.
256 1947 315 1989 A.
344 1945 714 1989 divaricatus
739 1946 899 2000 (Uber.
920 1947 1043 2000 stirp.
1078 1947 1159 1988 184
1186 1945 1267 1988 sub
1305 1944 1470 2000 Cytiso)
1507 1946 1639 1987 ramis
1680 1945 1823 1987 diver-

125 2006 328 2060 gentihus
357 2004 709 2058 pubescentibus,
755 2005 909 2047 sollolis
950 2006 1149 2050 foliorum
1186 2005 1442 2048 inferiorum
1481 2003 1822 2056 ovato-oblongis

126 2065 404 2118 superiorum
446 2064 685 2116 angustatis
726 2063 1076 2118 pubescentibus,
1112 2065 1268 2118 calycis
1309 2063 1584 2118 pubescentis
1624 2067 1666 2106 et
1706 2074 1820 2116 saepe

123 2124 340 2177 glandulis
369 2123 574 2176 stipitatis
597 2124 799 2166 instructi
825 2123 935 2166 labio
963 2123 1155 2165 inferiori
1180 2123 1358 2176 longiori
1384 2123 1535 2165 lacinia
1565 2121 1821 2164 intermedia

124 2183 326 2225 laterales
367 2187 623 2235 superante,
665 2183 822 2224 vexillo
863 2183 992 2233 hirto,
1037 2182 1327 2235 leguminibus
1363 2181 1455 2224 basi
1498 2182 1737 2235 angustatis
1773 2185 1810 2230 ὃ.

126 2242 166 2284 G.
191 2240 466 2294 parmjfolm
490 2241 605 2282 Lam.
632 2264 688 2270 —
712 2242 751 2283 C.
781 2240 1061 2294 complicatus
1086 2241 1204 2284 Brot.
1233 2266 1284 2272 —-
1314 2241 1448 2284 Aden.
1479 2239 1755 2293 parmfolz’us
1781 2243 1828 2283 et

126 2301 175 2342 A.
200 2299 484 2342 intermedius
502 2312 581 2342 nc.
609 2300 670 2342 Fl.
693 2300 762 2342 Fr.

187 2396 226 2418 α.
251 2375 442 2417 Groeeus.
467 2375 592 2416 Rami
619 2375 764 2429 patule
794 2375 981 2418 villosnli
1008 2375 1152 2423 albidi,
1169 2375 1313 2417 foliola
1332 2376 1457 2429 plana
1478 2374 1660 2416 hirsuta.
1689 2373 1824 2428 Calyx

126 2435 308 2478 villosus
335 2434 618 2486 glandulosus
646 2435 713 2476 vel
739 2434 1059 2487 eglandnlosus.
1088 2459 1141 2464 —
1168 2434 1216 2476 A.
1243 2433 1423 2476 Graecas
1446 2432 1615 2476 Griseb.
1645 2433 1756 2487 Spic.
1785 2432 1818 2484 Ι,

126 2507 167 2549 p.
202 2495 266 2535 10.
299 2517 355 2523 —
381 2493 429 2534 A.
459 2495 746 2535 commutatus
787 2492 915 2536 Guss.
957 2493 1086 2536 Prod.
1132 2493 1212 2536 Sic.
1250 2493 1304 2545 ΙΙ,
1345 2507 1383 2547 p.
1429 2494 1526 2535 875.
1557 2516 1611 2522 -
1648 2491 1823 2545 Cgstisus

127 2552 338 2595 Ponticus
381 2552 523 2593 Willd.
560 2552 681 2606 Spec.
708 2552 843 2606 111‚p.
878 2553 990 2594 1120
1015 2555 1058 2595 et
1082 2552 1210 2594 herb!
1239 2577 1295 2582 —-
1328 2551 1502 2606 Cytisus
1538 2549 1823 2593 divaricatus.

127 2612 187 2654 Fl.
218 2610 352 2652 Graec.
383 2610 465 2653 tab.
496 2612 592 2653 704.

175 2684 274 2720 Hah.
291 2685 327 2719 in
346 2685 506 2729 regione
525 2695 652 2732 super.
670 2685 817 2720 montis
835 2684 981 2732 Delphi
1000 2684 1145 2720 Eubeae
1163 2684 1228 2720 alt.
1247 2683 1474 2720 &ooo-500&
1500 2683 1639 2722 (Sibth.
1658 2683 1823 2728 Heldrl)‚

127 2733 167 2767 in
186 2732 345 2777 regione
364 2732 473 2767 infer.
493 2733 637 2767 montis
658 2733 781 2768 Athos
799 2732 966 2777 (Grisel).
987 2731 1097 2767 Auch
1121 2733 1128 2766 !
1147 2730 1265 2778 Orph.
1284 2731 1339 2766 Fl.
1362 2732 1426 2767 Gr.
1446 2742 1525 2766 exs.
1544 2731 1658 2773 7411),
1687 2731 1725 2765 in
1744 2730 1822 2766 colu

126 2778 234 2814 libus
251 2789 370 2825 prope
390 2778 598 2823 Smyrnam
630 2779 764 2825 (Bam,
782 2782 913 2815 monte
931 2778 1073 2814 Tmolo
1108 2778 1241 2824 Lydiae
1259 2778 1386 2815 (Boiss
1411 2781 1417 2813 !
1438 2778 1519 2813 Bal.
1539 2789 1616 2813 exs.
1636 2777 1756 2815 1881).
1781 2777 1822 2813 in

127 2825 277 2908 {Ailhailio
296 2836 416 2872 supra
434 2826 573 2862 Zachle
593 2826 726 2862 Boissl
753 2830 790 2862 et
809 2837 929 2873 supra
947 2825 1144 2871 Becksaya
1161 2825 1330 2871 (Gauii),
1358 2826 1405 2861 ad
1433 2826 1569 2860 Arissa
1591 2824 1768 2869 (Ehrenb
1782 2825 1818 2869 1),

143 2873 157 2882 “
179 2901 185 2907 .
206 2875 228 2908 lx
248 2873 296 2908 ai.
314 2874 401 2909 Jun.

186 2937 229 2990 β.
262 2936 450 2978 Bivonoe.
480 2936 782 2989 Glabresccns,
815 2938 940 2991 calyx
972 2934 1465 2991 slipitato·glandulosus
1494 2940 1700 2979 coeterurn
1736 2936 1823 2989 gla-

128 2995 217 3038 ber.
249 2996 297 3037 A.
320 2995 497 3038 Bit-ome
522 2996 647 3039 Presl
685 2997 745 3038 Fl.
775 2996 854 3039 Sic.
884 3009 923 3050 p.
956 2998 1021 3038 19.
