2045 3227
89 223 338 272 Onobryehzs.
796 229 1076 257 LEGUMmosAE.
1712 220 1784 256 547

148 340 215 382 50.
245 338 302 381 Ο.
329 338 535 380 lanata
560 336 718 392 (Boiss.
743 335 892 388 Diagn.
923 334 1016 377 Ser.
1039 335 1071 387 I,
1101 336 1141 387 2,
1168 348 1207 389 p.
1232 334 1309 389 92)
1332 334 1562 388 hispidula,
1588 334 1784 377 caulibus

88 398 309 449 flexuosis,
327 396 499 450 stipulis
520 395 666 450 parvis
691 394 917 446 distinctis,
938 394 1049 436 foliis
1070 393 1331 436 radicalibus
1356 394 1556 436 indivisis
1583 393 1781 446 oblongis

86 456 237 508 acutis,
262 455 428 498 caeteris
446 457 610 496 remote
628 453 836 507 4-5-jug1s
859 452 1013 495 foliolis
1032 452 1471 506 oblongo-linearibus
1492 453 1780 495 acutiusculis

89 515 244 558 subtus
271 514 480 567 adpresse
505 512 693 563 hirtulis,
722 512 903 554 racemis
931 511 1039 553 laxis
1066 511 1290 564 elongatis,
1323 512 1481 565 calycis
1515 511 1699 552 velutini
1724 511 1784 552 la-

89 573 212 617 ciniis
246 570 718 615 lanceolato-subulatis
756 570 860 613 tubo
898 569 1332 623 sesquilongioribus‚
1373 570 1452 612 alis
1486 570 1617 623 calyci
1653 569 1787 623 aequi-

89 633 227 685 longis
265 631 425 685 glabris
465 629 896 684 oblongo-quadratis
931 627 1100 671 obtusis
1136 628 1329 670 auricula
1378 628 1581 670 deorsum
1626 628 1787 670 directa

88 691 224 744 ungui
243 691 498 744 aequilonga,
523 689 740 742 legumine
762 687 896 729 dense
923 690 965 729 et
989 688 1132 741 crispe
1158 687 1417 729 albo-lanato
1437 687 1561 739 longe
1580 686 1786 740 stipitato,

89 750 218 793 crista
236 749 460 803 spinulosa
479 748 594 790 disco
608 747 816 790 foveolato
837 745 1032 788 breviter
1050 746 1240 788 aculeato
1259 745 1434 788 dimidio
1453 746 1704 798 angustiore
1724 751 1783 793 36.

135 823 235 859 Hab.
254 823 294 858 in
315 822 447 858 Persia
464 821 603 867 (Auch.
630 831 709 857 exs.
736 819 864 865 10631)
894 820 933 854 in
958 819 1154 864 argillosis
1188 818 1398 864 Kumaredj
1425 819 1569 854 Persiae
1599 818 1786 854 australis

87 870 265 953 (Fi-llaffqsik
279 871 315 915 l),
332 870 372 904 in
391 870 571 905 cretaceis
589 868 732 904 deserti
749 868 826 904 Ras
844 867 880 903 el
898 867 974 902 Ain
994 867 1043 902 ad
1062 866 1186 902 Gebel
1203 866 1358 912 Sindjar
1371 867 1545 912 Assyriae
1559 865 1784 910 (Hausskl).

133 981 438 1029 Sesquipedalis,
466 981 690 1028 speciminis
719 980 863 1016 Persici
891 979 1018 1026 (cujus
1050 978 1146 1014 folia
1172 979 1360 1015 radicalia
1393 980 1550 1024 desunt)
1576 980 1709 1015 foliola
1726 979 1790 1015 6-8

88 1029 212 1065 lineas
235 1029 354 1074 longa
373 1030 435 1065 2-2
454 1030 494 1073 ¹s2
522 1028 612 1067 lata,
634 1028 747 1063 ssores
776 1027 839 1063 4-5
866 1026 990 1062 lineas
1017 1026 1135 1072 longi.
1162 1026 1205 1062 In
1226 1027 1436 1073 specimine
1459 1028 1668 1072 Assyriaco
1695 1027 1788 1062 folia

88 1076 272 1112 radicalia
285 1077 400 1122 longe
415 1076 600 1122 petiolata
614 1075 794 1121 pollicem
813 1074 934 1119 longa
947 1074 970 1109 6
990 1074 1056 1114 lin.
1085 1073 1175 1118 lata,
1203 1073 1447 1110 caulinorum
1467 1074 1599 1109 foliola
1622 1075 1787 1118 minora,

89 1123 202 1159 flores
219 1124 282 1159 6-7
301 1124 423 1159 lineus
441 1123 550 1167 longi
569 1122 711 1169 pallide
733 1122 848 1167 grisei
866 1121 1228 1167 purpureo-venosi.
1257 1121 1299 1156 In
1319 1124 1482 1168 utraque
1510 1122 1583 1156 alae
1601 1121 1729 1156 forma
1753 1124 1791 1156 et

89 1171 359 1217 magnitudine
393 1170 604 1205 simillimae
623 1172 724 1212 sunt,
744 1169 925 1214 legumen
942 1168 1006 1203 4-5
1022 1168 1147 1203 lineas
1165 1168 1284 1203 diam.
1306 1168 1430 1204 latum
1447 1169 1535 1203 sinu
1554 1169 1632 1204 fere
1651 1169 1784 1204 clauso

88 1218 154 1254 vel
171 1221 302 1265 aperto
324 1221 361 1253 et
379 1220 469 1253 tunc
487 1215 864 1253 incurvo-falcatum.

148 1369 214 1410 51.
243 1368 300 1411 Ο.
332 1367 590 1419 olivieri,
619 1370 997 1420 tomentoso-cana,
1035 1366 1156 1409 caule
1185 1366 1395 1416 flexuoso,
1433 1365 1606 1419 stipulis
1641 1364 1788 1419 parvis

89 1426 316 1479 distinctis,
340 1428 451 1469 foliis
475 1430 640 1470 remote
658 1427 732 1468 02-4
746 1426 928 1469 summis
954 1426 1144 1480 unijugis
1171 1425 1326 1467 foliolis
1350 1424 1556 1478 utrinque
1575 1424 1788 1477 adpresse

89 1485 214 1529 hirtis
242 1487 397 1529 subtus
412 1485 528 1528 canis
547 1486 686 1528 ovatis
708 1485 973 1528 mucronatis
996 1484 1212 1527 terminali
1227 1484 1403 1538 maiore,
1429 1483 1611 1525 racemis
1629 1483 1792 1525 laxius-

90 1545 198 1588 culis
238 1545 335 1587 folia
372 1545 697 1599 superantibus,
740 1544 896 1598 calycis
931 1543 1090 1586 hirsuti
1112 1542 1277 1585 laciniis
1316 1542 1659 1595 triangularibus
1685 1542 1789 1584 tubo

91 1603 379 1657 brevioribus,
397 1605 475 1646 alis
490 1604 650 1657 glabris
667 1603 798 1657 calyci
809 1603 1064 1657 aequilongis
1078 1601 1624 1655 oblongo-triangularibus
1640 1601 1788 1644 subin-

90 1663 236 1706 curvis
268 1663 580 1706 obtusiusculis
605 1663 801 1705 auricula
829 1662 1031 1704 deorsum
1059 1660 1235 1712 directa,
1257 1660 1474 1714 legumine
1504 1660 1641 1702 dense
1678 1659 1793 1701 albo-

97 1720 236 1765 lanato
263 1722 315 1764 ad
349 1722 513 1765 discum
543 1722 754 1764 foveolato
786 1721 860 1763 vix
895 1720 1402 1773 aculeato-tuberculato,
1435 1720 1568 1762 crista
1608 1720 1794 1772 angusta

95 1781 288 1834 margine
314 1781 510 1823 breviter
537 1781 761 1835 spinulosa
789 1786 845 1828 26.

142 1854 245 1890 Hal).
264 1855 363 1890 inter
382 1854 532 1890 Mossul
551 1856 589 1890 et
606 1853 769 1900 Bagdad
784 1853 951 1898 [Olivier
963 1854 999 1898 Ι).

141 1919 282 1955 Cautes
302 1919 341 1954 in
359 1919 639 1965 speciminibus
668 1919 766 1954 meis
793 1916 1063 1964 semipedales,
1084 1916 1218 1952 foliola
1237 1917 1385 1961 majora
1408 1916 1471 1952 8-9
1491 1916 1557 1952 lin.
1576 1916 1710 1961 longa,
1729 1926 1793 1952 co-

96 1966 195 2002 rolla
210 1967 233 2002 5
253 1966 375 2001 lineas
395 1966 530 2012 longa3
550 1966 730 2011 legumen
759 1965 863 2012 quod
892 1974 970 2000 non
996 1964 1112 2010 plane
1135 1966 1332 1999 maturum
1355 1963 1438 1999 vidi
1456 1964 1627 1998 breviter
1641 1963 1790 2009 stipita-

96 2015 179 2048 tum
198 2015 234 2048 et
249 2024 294 2049 eo
313 2013 353 2049 O.
370 2013 520 2049 lanatae
536 2014 667 2048 minus
685 2012 840 2048 videtur
854 2023 877 2047 a
892 2013 970 2057 qua
988 2011 1072 2046 haec
1086 2012 1234 2057 species
1253 2010 1398 2046 foliolis
1419 2010 1552 2046 formae
1568 2011 1734 2046 diverses
1753 2012 1791 2045 et

97 2061 212 2096 etiam
230 2071 396 2107 superne
416 2061 543 2102 hirtis,
559 2060 712 2096 alarum
726 2060 862 2103 forma,
880 2061 962 2105 etc,
977 2058 1244 2104 distinguitur.

156 2210 223 2251 52.
268 2209 324 2253 Ο.
358 2209 717 2253 Ptolemaica
756 2207 874 2261 (Del.
907 2207 967 2249 Fl.
1007 2207 1078 2261 Eg.
1114 2220 1154 2261 p.
1184 2207 1281 2258 328,
1315 2206 1399 2248 tab.
1436 2207 1504 2256 39,
1540 2206 1606 2258 fig.
1648 2207 1682 2250 1,
1716 2205 1798 2248 sub

102 2267 345 2322 Hedysarol
373 2269 518 2322 patule
550 2271 593 2310 et
630 2267 825 2309 molliter
846 2267 1020 2318 villosa,
1055 2264 1254 2308 caulibus
1283 2265 1490 2307 brevibus
1531 2264 1802 2306 ascendenti-

101 2326 193 2380 bus,
211 2328 383 2381 stipulis
409 2327 690 2370 inferioribus
708 2326 805 2368 basi
832 2325 1146 2377 subconcretis,
1167 2324 1280 2367 foliis
1300 2324 1522 2378 [rs-jugis.
1548 2323 1703 2365 foliolis
1730 2323 1801 2364 ob-

99 2385 235 2440 longis
256 2387 324 2428 vel
353 2387 554 2440 ellipticis
578 2399 710 2440 supra
728 2384 894 2439 glabris
914 2384 1068 2427 subtus
1087 2384 1234 2438 patule
1251 2383 1447 2435 hirsutis,
1466 2382 1647 2425 racemis
1663 2382 1801 2434 longis

98 2445 362 2497 multifloris,
395 2445 549 2499 calycis
574 2445 716 2487 villosi
751 2444 919 2486 laciniis
946 2442 1416 2485 lanceolato-subulatis
1439 2442 1542 2484 tubo
1563 2441 1691 2494 duplo
1716 2442 1803 2482 lon-

97 2502 303 2556 gioribus,
325 2505 487 2547 corolla
505 2505 617 2547 flava
634 2503 952 2554 fusco-lineata,
976 2502 1054 2544 alis
1073 2502 1229 2556 calycis
1249 2501 1352 2542 tubo
1370 2513 1454 2543 non
1475 2499 1740 2551 longioribus
1758 2500 1803 2542 in

99 2562 262 2605 ferrum
290 2563 497 2617 equinum
529 2563 722 2606 curvatis
762 2562 1037 2603 extremitate
1069 2561 1223 2603 obtusa
1250 2560 1451 2601 deorsum
1484 2559 1658 2601 directa.
1684 2559 1803 2611 legu-

99 2620 214 2664 mine
241 2622 372 2664 dense
401 2623 543 2664 lanato
571 2622 623 2664 ad
651 2622 822 2664 discum
850 2621 1060 2663 foveolato
1079 2623 1120 2661 et
1143 2619 1335 2661 aculeato
1360 2619 1489 2659 crista
1508 2620 1689 2670 angusta
1712 2618 1801 2659 lon-

97 2679 291 2732 giuscule
319 2681 764 2735 spinuloso-echinata
807 2682 862 2725 26.
898 2680 942 2722 Ο.
971 2679 1235 2722 Ptolemaica
1259 2691 1337 2720 nc.
1369 2677 1520 2719 Prodr.
1551 2677 1603 2727 ll,
1636 2690 1674 2730 p.
1699 2678 1800 2718 347.

143 2753 241 2790 Hah.
277 2754 318 2789 in
348 2755 512 2790 desertis
551 2753 988 2801 AEgyptiaco-Arabicis
1018 2752 1155 2797 (Del.),
1177 2751 1370 2788 Sinaiticis
1404 2750 1794 2797 (Seliim13.exs.⁴115!

100 2798 261 2845 Boissl).
281 2801 336 2836 Fl.
359 2801 471 2837 Mart.

145 2862 285 2900 Caules
303 2865 561 2911 semipedales
581 2865 645 2900 vel
665 2865 894 2900 brevissimi
913 2865 952 2899 et
969 2866 1059 2898 tunc
1077 2863 1220 2897 racemi
1239 2862 1506 2897 subrudicales
1526 2862 1608 2905 ¹s'2-1
1635 2861 1806 2908 pedales,

96 2909 212 2947 flores
233 2911 296 2947 7-8
313 2912 437 2948 lineas
455 2912 577 2958 longi,
599 2912 782 2958 legumen
804 2912 922 2947 diam.
942 2911 966 2946 5
983 2910 1047 2945 lin.
1068 2910 1202 2945 latum.
