2065 3236
223 234 296 274 672
984 237 1185 264 RosACEAE.
1811 231 1928 267 Ros‘oe‘.

270 337 415 373 Frutex
436 335 505 370 vix
523 333 675 380 pedalis
692 331 813 368 ramis
831 330 1143 367 horizontalibus
1161 329 1224 365 vel
1242 329 1436 376 pendulis,
1462 328 1586 365 aculei
1599 329 1795 365 Interdum
1810 330 1927 365 semi,

225 384 443 432 pollicareS,
459 381 594 417 foliola
610 380 675 416 3-4
692 380 759 415 lin.
782 379 904 424 longa
921 380 959 413 et
975 378 1057 412 lata
1075 377 1170 412 facie
1188 376 1379 424 superiori
1392 376 1605 412 vernicosa.
1623 376 1779 412 Aculeis
1794 377 1922 422 longis

223 431 367 467 validis
389 430 439 465 ab
458 428 642 464 affinibus
661 427 1006 472 diversa;setacea
1036 425 1075 459 in
1108 425 1321 471 specimine
1346 423 1582 470 incompleto
1608 434 1685 459 non
1713 424 1927 460 observata

223 474 482 526 probabiliter
499 475 539 511 in
557 474 778 510 turionibus
798 472 996 509 sterilibus
1014 482 1171 518 quoque
1186 473 1407 508 occurrunt.

286 625 324 666 3.
357 625 418 666 R.
454 621 784 676 sulphurea
820 619 929 674 (Ait.
964 619 1069 660 Kew
1103 616 1155 671 Il,
1191 631 1230 673 p.
1268 616 1374 672 201)
1415 617 1578 660 modice
1605 616 1732 668 elata,
1763 617 1927 668 aculeis

223 683 320 725 aliis
348 682 529 725 setaceis
555 679 731 722 minutis
764 679 859 721 aliis
902 679 1038 720 multo
1078 677 1317 732 majoribus
1342 690 1377 730 ,e
1411 676 1505 719 basi
1535 676 1675 718 valida
1700 676 1925 720 uncinato-

224 742 404 790 falcatis,
428 740 600 794 stipulis
627 737 923 780 consimilibus
950 736 1189 780 linearibus
1219 735 1639 787 laciniam-dentatis,
1665 734 1823 778 foliolis
1848 736 1926 777 5-7

226 800 421 843 obovatis
445 797 733 842 discoloribus
760 796 922 849 glaucis
954 795 1208 849 simpliciter
1243 794 1422 837 serratis
1455 806 1589 848 supra
1619 793 1928 848 glabriusculis

226 859 382 902 subtus
420 858 473 900 ad
508 869 668 900 nervos
704 855 944 910 puberulis.
980 854 1153 908 pet101is
1198 853 1537 908 pubescentibus
1577 852 1926 907 pedunculisque

224 918 481 968 inermibus,
533 916 719 959 floribus
770 914 973 957 solitariis
1017 914 1213 956 breviter
1257 912 1574 966 pedunculatis,
1619 912 1776 966 calycis
1820 911 1928 954 tubo

225 976 551 1030 hemisphaerico
583 974 744 1029 sepalis
769 972 1054 1016 subindivisis
1080 972 1210 1014 dorso
1232 983 1361 1026 parce
1389 970 1927 1025 glanduloso-spinulosis,

224 1035 379 1088 petalis
408 1034 660 1089 sulphureis
687 1039 726 1082 5.
752 1033 808 1075 Ic.
833 1032 939 1074 Red.
964 1035 1008 1074 et
1031 1032 1109 1074 Th.
1135 1031 1237 1086 Ros.
1262 1029 1293 1084 I,
1320 1043 1360 1084 p.
1383 1030 1452 1072 29.

270 1109 372 1145 Hab.
390 1109 431 1144 in
452 1108 621 1144 Oriente.
642 1107 907 1154 Spontaneam
927 1115 1004 1141 non
1023 1105 1115 1141 novi
1130 1105 1174 1140 ‘ot
1190 1104 1335 1140 cultam
1354 1103 1513 1150 plenam
1531 1104 1686 1139 tantum
1704 1102 1800 1139 vidi.

283 1265 322 1305 4.
351 1262 411 1304 R.
438 1259 654 1315 Rapini
679 1258 840 1315 (Boiss.
877 1261 921 1301 et
951 1257 1044 1300 Bal.
1086 1257 1239 1309 Diagn.
1282 1255 1374 1299 Ser.
1408 1256 1462 1309 II,
1496 1257 1536 1308 6,
1572 1267 1612 1309 p.
1654 1254 1727 1309 72)
1760 1253 1928 1296 modice

223 1323 349 1373 elata,
388 1320 549 1367 aculeis
591 1319 685 1361 aliis
724 1317 921 1370 setaceis,
963 1317 1059 1359 aliis
1100 1315 1338 1370 majoribus
1372 1315 1466 1358 basi
1506 1314 1661 1356 validis
1704 1313 1929 1356 uncinato-

223 1380 435 1431 recurvis,
463 1378 636 1432 stipulis
661 1376 955 1420 conformibus
980 1374 1220 1419 linearibus
1252 1374 1371 1429 apice
1407 1373 1683 1417 subdilat-at-is
1707 1371 1928 1425 glandulis

223 1439 452 1483 sessilibus
493 1436 735 1491 pectinatis,
779 1436 934 1478 foliolis
969 1437 1041 1477 5-7
1076 1433 1271 1477 obovatis
1295 1433 1451 1476 subtus
1478 1431 1781 1487 p'allidioribus
1806 1434 1850 1473 et
1870 1430 1925 1473 ad

224 1510 382 1541 nervos
415 1495 755 1551 pubescentibus
793 1493 1120 1543 subbiserratis,
1153 1492 1323 1547 petiolis
1361 1489 1536 1536 hirtulis
1575 1490 1926 1545 pedunculisque

223 1557 475 1612 spinulosis,
520 1554 703 1596 floribus
755 1554 962 1596 solitariis
1007 1553 1203 1595 breviter
1250 1551 1568 1606 pedunculatis,
1623 1549 1780 1603 calycis
1820 1547 1928 1595 tubo

221 1614 548 1669 hemisphaerico
577 1614 737 1667 sepalis
760 1612 1008 1655 lanceolatis
1032 1610 1333 1662 subindivisis,
1368 1610 1522 1664 petalis
1568 1609 1698 1652 luteis
1729 1607 1926 1651 obovatis

221 1675 382 1717 retusis
401 1674 544 1727 calyce
567 1672 850 1725 longioribus,
877 1672 1022 1714 fructu
1046 1674 1188 1713 erecto
1211 1670 1388 1723 globoso
1412 1669 1573 1724 sepalis
1590 1667 1771 1721 integris
1793 1667 1927 1710 dorso

222 1732 426 1776 velutinis
453 1731 704 1786 patentibus
729 1733 931 1773 coronato
959 1737 993 1778 5.
1028 1731 1072 1772 R.
1101 1729 1343 1782 Bunyecma
1365 1728 1505 1771 Boiss.
1545 1731 1588 1771 et
1618 1727 1765 1769 Buhse
1797 1726 1924 1769 Aufz.

220 1805 260 1847 p.
289 1793 359 1843 84,
386 1791 473 1833 tab.
499 1792 538 1833 6.
565 1815 617 1820 -
646 1791 695 1832 R.
723 1789 922 1832 Caesarea
947 1789 1083 1831 Boiss.
1111 1788 1212 1832 Mss-
1246 1788 1291 1830 in
1314 1788 1402 1830 Bal.
1433 1800 1522 1831 exs.

266 1852 371 1901 Hah?
389 1865 436 1901 ad
453 1875 564 1909 sepes
583 1865 768 1909 Phrygiae
788 1874 907 1910 prope
935 1863 1098 1899 Ouchak
1130 1863 1196 1899 alt.
1223 1862 1328 1898 3000'
1358 1862 1500 1908 (Ball),
1532 1861 1699 1897 Galatiae
1726 1861 1766 1896 in
1794 1861 1929 1896 monte

216 1913 436 1958 Elmadagh
452 1911 686 1958 (Wiedeml),
698 1911 955 1957 Cappadociae
970 1911 1019 1946 ad
1035 1911 1254 1946 Caesaream
1265 1909 1355 1955 (Bal
1366 1912 1404 1954 l),
1418 1909 1614 1945 Armeniae
1629 1908 1679 1944 ad
1699 1907 1927 1954 Erzinghan

216 1960 357 2005 (Tchih
370 1963 404 2004 Ι),
425 1960 568 1995 Persiae
587 1959 667 1994 bor.
688 1959 728 1993 in
749 1961 881 1993 monte
901 1958 1044 1993 Elbrus
1061 1958 1258 2003 (Buhsel).
1277 1956 1319 1992 V.
1340 1957 1425 1992 sicc.
1449 1959 1576 2003 spont.
1596 1958 1634 1992 et
1652 1956 1732 1990 viv.
1756 1955 1850 1991 cult.

264 2024 403 2060 Affinis
428 2023 474 2060 R.
496 2022 714 2069 sulphurem
741 2033 810 2069 pro
835 2023 945 2068 cujus
972 2024 1068 2068 typo
1099 2024 1316 2068 spontaneo
1335 2032 1421 2057 eam
1440 2021 1622 2056 lubenter
1647 2019 1857 2063 haberem
1879 2018 1924 2054 cl.

220 2071 359 2117 Crepin
379 2074 511 2106 autem
529 2074 571 2105 ut
589 2073 627 2105 et
645 2070 754 2105 amic.
782 2070 923 2105 Reuter
954 2072 992 2104 et
1020 2069 1147 2105 Godet
1171 2069 1348 2115 specifice
1375 2069 1600 2104 distinctam
1619 2068 1841 2103 autumant.
1862 2066 1929 2102 Ab

217 2121 262 2154 ea
280 2119 409 2153 differt
426 2117 581 2164 petiolis
599 2120 635 2152 et
654 2116 884 2164 pedunculis
903 2117 1136 2163 spinellosis,
1167 2117 1216 2151 sti
1249 2116 1325 2152 ulis
1351 2126 1430 2152 non
1458 2115 1669 2160 lacffliatis,
1687 2113 1833 2150 foliolis
1851 2113 1926 2149 mi-

217 2166 382 2201 noribus
397 2169 434 2201 et
451 2165 759 2211 subduplicatim
779 2175 847 2199 nec
868 2164 1095 2211 simpliciter
1113 2174 1220 2200 serru
1239 2163 1330 2200 atis.

705 2324 726 2378 ξ
762 2324 799 2365 2.
834 2347 892 2353 —
925 2322 1440 2378 Pimpinelliioliae.

276 2430 317 2471 5.
355 2428 415 2471 R.
435 2426 1001 2483 pimpinellifoliasL.
1022 2426 1097 2480 Sp.
1116 2426 1221 2481 703)
1237 2426 1398 2480 pumila
1429 2423 1741 2475 ramosissima,
1761 2421 1924 2465 aculeis

218 2488 419 2530 omnibus
448 2486 628 2529 set-accis
659 2487 727 2528 vel
767 2486 982 2528 subulatis
1020 2486 1150 2528 rectis
1179 2484 1319 2530 ,valde
1340 2484 1628 2540 inaequalibus
1654 2481 1921 2525 numerosis-

219 2547 340 2589 simis
368 2547 435 2588 vel
460 2546 587 2598 raris,
632 2545 805 2599 stipulis
841 2545 1133 2587 conformibus
1167 2544 1418 2596 linearibus,
1463 2541 1618 2585 foliolis
1655 2542 1731 2584 5-9
1771 2539 1922 2595 parvis

216 2606 355 2647 firmis
378 2605 517 2648 ovatis
544 2605 613 2647 vel
641 2604 926 2647 subrotundis
950 2603 1292 2657 subsimpliciter
1327 2603 1509 2645 serratis
1546 2600 1724 2656 glabris,
1752 2599 1920 2654 pedun-

216 2665 324 2707 culis
367 2665 543 2717 glabris,
580 2663 762 2706 floribus
798 2663 1015 2714 solitariiS,
1053 2662 1210 2716 calycis
1247 2662 1410 2704 laciniis
1450 2660 1630 2714 integris
1665 2658 1924 2701 lanceolata-

217 2725 457 2766 linearibus
485 2723 637 2777 petalis
665 2723 773 2764 albis
801 2723 870 2764 vel
898 2721 1054 2775 pallide
1081 2722 1219 2764 roseis
1247 2721 1423 2763 dimidio
1450 2719 1744 2769 brevioribus,
1778 2718 1924 2760 fructu

217 2783 622 2835 depresso-globoso
663 2784 806 2823 erecto
841 2781 1000 2834 sepalis
1039 2780 1194 2822 erectis
1235 2780 1444 2822 brevibus
1480 2777 1751 2832 simplicibus
1790 2777 1923 2819 dorso

216 2841 346 2884 nudis
387 2844 589 2884 coronato
620 2847 655 2889 5.
694 2840 814 2893 Engl.
848 2840 942 2881 Bot.
972 2844 1001 2880 t.
1034 2841 1111 2882 187
1155 2864 1208 2870 -
1233 2840 1283 2881 R.
1307 2838 1616 2890 spinosissima
1638 2836 1683 2878 L.
1714 2835 1790 2890 Sp.
1823 2835 1923 2878 705.

214 2924 269 2930 —
298 2902 346 2943 R.
377 2899 686 2953 myriacantlza
708 2912 786 2942 nc.
813 2899 872 2940 Fl.
900 2898 969 2940 Fr.
997 2898 1068 2949 IV,
1093 2911 1133 2953 p.
1158 2899 1256 2940 439.
1284 2922 1344 2928 —
1370 2898 1473 2939 ΜΒ.
1500 2896 1574 2943 ΠΙ,
1600 2909 1639 2950 p.
1664 2896 1766 2937 337.

264 2975 363 3010 Hah.
395 2975 434 3009 in
473 2975 671 3010 montanis
704 2974 825 3017 siccis,
855 2973 1153 3019 Peloponnesus
1182 2968 1358 3017 (Simu),
1386 2982 1501 3006 mons
1529 2971 1654 3006 Athos
1682 2968 1922 3005 Macedoniae

220 3022 420 3066 (Gi-isch),
450 3022 635 3057 Armenia
665 3021 828 3056 Turciea
859 3021 908 3056 ad
936 3020 1081 3056 Baibut
1114 3020 1299 3065 (Bourgl)
1329 3022 1366 3055 et
1399 3019 1565 3054 Tortum
1592 3015 1924 3063 (Ca1v1)‚'rauria
