2065 3236
252 247 324 287 448
758 250 1040 281 LEGUMINOSAE.
1138 240 1380 288 Astrayalus
1405 238 1572 286 (LXVII.
1590 237 1956 287 Chlorosphaerus).

305 328 405 364 Hah.
426 328 465 363 in
487 326 651 373 rupibus
668 323 789 359 Tauri
808 323 955 359 Cilieici
972 332 993 357 a
1018 321 1179 358 castello
1205 320 1395 366 Pylarum
1421 330 1469 355 us
1499 330 1548 355 ue
1571 319 1621 354 ad
1638 319 1837 364 regionem
1855 318 1955 366 alpi·

256 386 350 412 nam
367 385 487 422 supra
505 371 824 418 Bulgharrnaden
842 369 942 414 (Bal.
961 372 1049 404 exst
1071 371 1108 404 et
1124 368 1196 415 Ky.
1215 368 1300 403 1691
1327 367 1403 403 sub
1421 367 1469 402 A.
1516 366 1671 412 z'rsuto).

303 439 451 482 Nanus,
468 436 561 473 folia
577 434 781 482 pollicaria
795 433 860 468 vel
874 432 1065 476 breviora,
1082 431 1199 467 i'acies
1217 431 1266 466 A.
1284 429 1435 473 hirsuti,
1452 430 1520 465 sed
1537 429 1654 475 longe
1665 428 1958 475 caudiculosus,

259 485 414 532 stipulae
432 485 531 519 inter
549 494 590 518 se
608 483 797 523 connatae,
814 480 949 515 dentes
967 478 1114 524 calycis
1133 481 1175 514 ut
1193 481 1230 514 et
1248 477 1415 513 bracteae
1430 477 1586 522 angusti
1604 475 1788 522 elongati,
1804 478 1874 511 etc.

318 636 416 676 421.
449 634 511 677 A.
541 631 828 688 globosus
855 628 982 683 (Vahl
1009 627 1155 680 Symb.
1198 638 1236 679 p.
1269 624 1344 678 30)
1386 624 1595 678 adpresse
1617 624 1958 675 sericeo-canus,

260 693 433 748 stipulis
457 687 983 744 triangulari-lanceolatis
1002 685 1142 736 hirtis,
1166 685 1319 727 foliolis
1342 683 1609 737 10—14-jugis
1628 682 1842 737 ellipticis,
1864 693 1958 725 sca—

259 765 313 807 po
353 752 462 794 foliis
499 750 739 804 aequilongo
776 747 843 788 vel
877 746 1080 799 longiore,
1114 744 1313 798 capitulis
1350 742 1484 784 dense
1524 741 1727 794 globosis,
1767 741 1958 783 bracteis

261 807 713 863 oblongo-lanceolatis
748 804 930 847 hirsutis
954 804 1105 846 tubum
1131 802 1369 856 calycinum
1409 800 1683 854 aequantibus
1718 800 1786 842 vel
1827 811 1961 852 supe-

259 869 471 920 rantibus,
498 867 653 920 calycis
674 863 1028 918 adpressiuscule
1053 862 1150 904 albo
1176 865 1219 903 et
1248 859 1550 914 nigro-hirsuti
1582 858 1786 901 dentibus
1819 858 1960 911 nigris

260 927 536 970 filiformibus
559 925 662 967 tubo
694 921 1061 976 sublongioribus,
1087 921 1246 963 corolla
1278 919 1450 967 ssavida,
1488 917 1629 960 vexilli
1657 917 1799 971 calyce
1824 917 1960 971 duplo

261 988 340 1029 alis
366 986 494 1028 tertia
518 988 640 1039 parte
674 982 880 1036 longioris
910 980 1067 1022 lamina
1093 979 1274 1033 oblonga
1292 979 1453 1028 retusa,
1477 977 1769 1035 legumine...
1816 981 1854 1024 26
1869 1009 1876 1016 .
1902 975 1957 1017 A.

259 1046 452 1087 sericeas
478 1057 556 1086 nc.
587 1043 704 1085 Astr.
741 1049 788 1083 n⁰
810 1041 879 1082 45.
910 1064 963 1069 —
998 1039 1046 1081 A.
1081 1036 1317 1081 Orientalis
1345 1036 1556 1078 minimus
1574 1035 1689 1088 flore
1718 1034 1961 1087 glomerato

261 1104 497 1147 virescente
519 1104 682 1144 Tourn.
709 1099 804 1143 Cor.

308 1176 407 1211 Hah.
420 1176 459 1210 in
475 1174 661 1210 Armenia
674 1173 835 1209 Ture-ica
849 1171 1021 1217 (Tournl
1038 1170 1160 1206 Auch.
1170 1169 1309 1214 25701),
1321 1168 1421 1204 circa
1434 1168 1618 1203 Erzerum
1632 1166 1764 1211 (Calvi
1783 1165 1909 1202 Tchih
1920 1167 1961 1212 Ξ),

259 1224 300 1259 in
319 1226 452 1259 monte
470 1221 687 1267 Paryadres
708 1220 822 1256 Ponti
840 1220 940 1254 inter
958 1218 1091 1264 Lisdja
1109 1220 1146 1252 et
1164 1217 1335 1252 Kumbet
1357 1215 1472 1251 Khan
1490 1214 1679 1260 (Tchihl).

305 1286 453 1322 Similis
472 1285 520 1327 A,
539 1285 690 1321 hirsuto
708 1284 776 1320 sed
795 1285 934 1331 praeter
952 1282 1046 1318 folia
1064 1284 1101 1317 et
1121 1291 1282 1327 scapum
1307 1280 1451 1326 saepius
1470 1278 1650 1327 longiora
1671 1277 1722 1313 ab
1747 1287 1793 1313 eo
1810 1276 1964 1313 foliolis

261 1334 482 1380 multijugis
502 1336 540 1368 et
556 1332 705 1368 vexillo
722 1330 940 1377 angustiori
958 1330 1056 1365 bene
1075 1328 1292 1364 distinctus.

323 1482 421 1523 6⁶22.
454 1479 515 1522 A.
550 1477 1016 1533 Silothorpianus
1055 1476 1216 1532 (Boiss.
1257 1476 1407 1528 Diagn.
1450 1474 1543 1516 Ser.
1579 1473 1612 1527 I,
1635 1475 1674 1526 2,
1711 1486 1750 1528 p.
1788 1472 1864 1528 84)
1892 1473 1965 1515 ad·

266 1539 562 1595 pressiuscule
583 1538 769 1591 griseus,
799 1535 1042 1589 cespitosus
1078 1535 1326 1577 caudicibus
1355 1532 1585 1587 prostratis
1620 1532 1852 1577 induratis.
1884 1532 1964 1574 sti-

266 1599 383 1653 pulis
418 1597 549 1640 fusc1s
584 1596 667 1638 late
695 1593 1038 1648 ovato-oblongis
1064 1593 1279 1645 ciliatulis‚
1317 1593 1472 1635 foliolis
1498 1591 1810 1645 approximatis
1834 1592 1964 1633 9-10·

263 1658 378 1713 jugis
406 1654 823 1708 oblongo-ellipticis,
851 1654 990 1707 scapis
1014 1652 1220 1695 brevibus
1240 1653 1337 1694 folia
1358 1651 1631 1705 aequantibus
1659 1651 1726 1693 vel
1749 1662 1964 1704 superan-

267 1716 399 1765 tibus,
438 1714 568 1768 spicis
592 1713 738 1755 densis
762 1712 1113 1766 ovato-globosis,
1150 1711 1335 1753 bracteis
1374 1709 1570 1762 oblongis
1608 1709 1792 1752 hirsutis
1828 1709 1962 1752 fuscis

268 1775 505 1828 calycinum
530 1773 684 1815 tubum
714 1771 1005 1825 aequantibus,
1038 1770 1267 1812 bracteolis
1307 1769 1493 1811 minimis
1520 1769 1589 1810 vel
1615 1769 1768 1820 nullis,
1805 1767 1964 1821 calyc1s

269 1834 402 1876 dense
426 1836 468 1875 et
490 1831 636 1886 patule
659 1830 816 1872 hirsuti
839 1829 1041 1872 dentibus
1057 1829 1159 1871 tubo
1177 1828 1551 1879 subbrevioribus,
1580 1828 1737 1870 corolla
1758 1826 1956 1879 lateritia,

268 1892 426 1935 vexillo
455 1891 597 1944 calyce
624 1889 754 1943 duplo
782 1890 860 1930 alis
882 1890 1036 1943 quarta
1063 1891 1185 1942 parte
1210 1887 1403 1940 longiore
1427 1887 1810 1939 cuneato-oblongo
1843 1885 1966 1941 apice

267 1953 353 1994 lato
373 1950 529 1997 bilobo,
565 1948 855 2001 leguminibus
884 1948 1021 1989 ovatis
1048 1947 1215 1989 obtusis
1240 1945 1552 1988 mucronulatis
1579 1946 1721 1999 crispe
1742 1944 1869 1988 hirtis
1893 1957 1964 1986 ca-

266 2011 361 2064 lyce
390 2009 666 2051 brevioribus
705 2014 762 2054 26.
804 2007 854 2048 A.
879 2005 1115 2048 versicolor
1139 2004 1181 2048 C.
1209 2005 1327 2048 Koch
1350 2005 1473 2047 Linn.
1502 2003 1620 2056 XIX,
1643 2017 1683 2058 p.
1713 2004 1793 2046 64!
1820 2029 1874 2035 —
1910 2003 1962 2046 A.

268 2068 477 2111 barbatas
512 2067 650 2110 Smith
692 2066 843 2108 Prodr.
878 2077 962 2108 non
991 2065 1105 2106 Lam.
1137 2090 1188 2095 —
1228 2064 1277 2107 A.
1302 2063 1519 2116 deciplens
1556 2062 1657 2116 Bge.
1698 2061 1813 2106 Clav.
1842 2063 1966 2105 Astr.

266 2141 307 2183 p.
341 2129 420 2170 107
450 2139 502 2169 ex
523 2127 631 2180 ipso.

316 2202 417 2236 Hah.
437 2202 476 2236 in
496 2200 653 2246 regione
669 2198 860 2245 superiori
878 2197 1040 2245 Olympi
1060 2196 1377 2243 Bithyni(Sibth.
1392 2196 1527 2231 Boissl
1545 2195 1668 2231 Auch.
1688 2195 1968 2241 13481C1em1).

316 2264 346 2300 F
349 2264 428 2300 olia
446 2264 592 2303 brevia,
611 2262 784 2309 capitula
799 2262 993 2297 fructifera
1016 2271 1111 2296 nuce
1131 2261 1294 2301 minora,
1311 2259 1427 2305 calyx
1445 2259 1468 2295 3
1485 2258 1622 2303 lineas,
1640 2258 1789 2294 corolla
1801 2258 1824 2294 6
1836 2258 1966 2304 longa.

269 2312 331 2347 Ab
349 2311 534 2347 affinibus
552 2313 694 2357 praeter
710 2307 809 2345 ali‘as
829 2310 943 2345 notas
961 2308 1140 2344 caulibus
1155 2306 1519 2343 suffrutescentibus
1537 2306 1754 2342 distinctus.

343 2463 384 2502 4-
438 2461 478 2502 4-
530 2455 673 2491 Vexilli
699 2455 848 2491 lamina
875 2452 1225 2499 oblongo-linearis
1244 2451 1306 2487 vel
1325 2453 1490 2497 anguste
1507 2450 1894 2486 lineari-lanceolata.

332 2548 429 2593 623.
459 2544 1122 2603 A.paeci1anthus‹‡ssoiss.
1151 2547 1193 2586 et
1213 2542 1361 2584 Heldr.
1387 2542 1537 2595 Diagn.
1558 2542 1654 2584 Ser.
1678 2541 1731 2594 ΙΙ,
1758 2543 1797 2589 6,
1826 2555 1864 2595 p.
1891 2541 1969 2596 54)

272 2610 480 2663 adpresse
504 2608 916 2658 sericeo-argyrem.
957 2603 1130 2657 stipulis
1165 2602 1295 2644 fusciS
1330 2601 1968 2654 tria1ngulari-oblongisdilrtis,

271 2669 425 2711 foliolis
452 2665 717 2719 10--1‘2-jugis
746 2662 1207 2717 clliptico-lincaribus‚
1225 2662 1365 2714 scapis
1388 2660 1485 2701 solio
1511 2660 1879 2713 sublongioribus,
1903 2671 1970 2700 ca-

271 2728 420 2782 pitulis
445 2725 583 2769 ovatis
611 2724 772 2768 densis,
799 2722 985 2764 bracteis
1018 2721 1256 2762 linearibus
1284 2719 1467 2761 hirsutis
1500 2719 1640 2772 calyce
1675 2718 1972 2761 subbrcviori-

273 2788 369 2830 bus.
397 2785 552 2838 calycis
572 2784 704 2824 denso
729 2787 771 2824 et
798 2780 1150 2835 adpressinscule
1172 2779 1267 2820 albo
1292 2780 1334 2819 et
1354 2778 1527 2831 parcius
1546 2777 1850 2830 nigro-hirsuti
1871 2778 1969 2818 tlen-

272 2845 388 2888 tibus
413 2845 515 2887 tubo
533 2842 918 2891 subm-cvicribus,
959 2839 1116 2881 corolla
1138 2838 1294 2880 ssavida
1322 2836 1417 2878 dein
1441 2839 1688 2889 purpurea.
1718 2836 1872 2878 vexillo
1904 2847 1972 2877 ca-

275 2905 364 2957 lyce
395 2904 524 2957 duplo
553 2902 631 2944 alis
671 2904 853 2954 anguste
881 2896 1116 2940 linearibus
1144 2897 1269 2938 tertia
1297 2899 1419 2949 parte
1443 2895 1634 2947 longiore
1663 2897 1746 2937 late
1769 2895 1970 2948 oblongo-

276 2963 427 3005 lincari
456 2967 618 3011 retuso,
657 2960 869 3013 legumine
898 2958 1105 3010 adpresse
1127 2956 1240 2997 hirto
1264 2955 1444 3007 oblongo
1470 2957 1593 2995 acuto
1615 2955 1800 3008 calycem
1830 2953 1972 2995 brevi·

273 3026 341 3064 ter
367 3023 603 3075 superante
634 3025 670 3068 26
684 3052 692 3061 .
722 3018 759 3060 Α
781 3015 1006 3059 mutabilis
1028 3015 1164 3058 Boiss.
1189 3014 1291 3057 Mss.
